1961 3007
148 693 352 748 mm
376 673 470 729 essse
496 683 751 746 perpetuam,
786 698 892 740 quae
921 687 991 727 alii
1022 686 1209 728 sufficiat.
1270 627 1588 741 Perpetuitatem
1618 688 1727 729 enim

142 768 273 818 'sm
288 761 374 813 per
398 770 444 798 se
472 761 614 812 ipsam,
645 757 717 797 sed
746 757 788 797 id
817 767 976 815 semper
1004 756 1278 816 respicientes,
1309 757 1417 810 quod
1438 771 1624 812 quaeque
1644 772 1727 799 ser-

134 862 142 867 .
174 821 308 901 531²&
313 828 493 882 spectet,
521 825 735 867 aestimare
764 826 965 867 debemus.
1025 825 1132 868 Nam
1159 831 1279 880 prout
1317 827 1495 869 servitus
1524 828 1638 870 aliud
1668 834 1727 869 at-

114 897 119 901 ”
173 912 266 956 que
293 889 413 946 31ωά
426 898 604 953 spectet,
634 896 754 937 etiam
784 910 853 937 res
873 897 1083 947 naturalis,
1114 908 1219 949 quae
1239 909 1362 937 causa
1380 901 1576 952 perpetua
1594 900 1727 940 cuius—

183 960 285 1011 dan
298 967 520 1009 ser-vitatis
539 967 615 1017 sit,
642 966 724 1007 alia
751 966 980 1019 requiritur.
1041 959 1202 1007 Idcirco
1221 966 1426 1007 stillicidii
1448 968 1515 1008 vel
1535 968 1726 1020 fluminis,

0 1006 92 1058 ἕ-ςζῗέζ..
157 1033 162 1038 ·
185 1042 466 1093 mmmm
495 1036 677 1090 pluviam
707 1037 971 1076 derivandam
990 1033 1185 1090 spectant,
1214 1037 1317 1076 haec
1336 1049 1442 1088 aqua
1462 1039 1634 1078 habetur
1652 1052 1726 1093 pro

136 1128 142 1132 ·
187 1108 553 1166 causa'perpetua3
592 1106 756 1149 haustui
785 1109 920 1148 autem
950 1106 1018 1148 vel
1043 1106 1205 1162 «pecoris
1235 1106 1441 1162 appulsui‚
1473 1119 1577 1161 quae
1607 1106 1729 1161 plane

189 1180 270 1230 alia
287 1178 493 1232 spectant,
523 1189 604 1216 non
635 1177 783 1216 sufficit
813 1190 919 1229 aqua
945 1177 1100 1230 pluvia,
1131 1177 1226 1228 quia
1254 1177 1459 1215 hominum
1480 1178 1521 1215 et
1539 1189 1729 1229 pecorum
1760 1182 1762 1184 ’

26 1224 85 1278 23
179 1246 392 1298 *desideria
420 1258 502 1286 non
532 1246 653 1286 simul
691 1259 780 1286 cum
817 1246 1014 1286 imbribus
1053 1245 1258 1286 finiuntur.
1322 1247 1379 1286 Af«
1408 1259 1531 1298 quum
1560 1246 1729 1286 hamtus

156 1340 159 1343 v
191 1312 313 1373 causa
346 1308 544 1370 perpetua
583 1318 811 1369 praestetur
849 1328 955 1368 aqua
991 1309 1161 1370 puteali,
1207 1315 1482 1367 aquaeductus
1519 1328 1646 1355 causa
1681 1329 1731 1355 ea

190 1384 296 1440 aqua
324 1398 418 1426 esse
446 1385 597 1438 nequit,
627 1385 736 1439 quod
766 1398 871 1439 aqua
900 1386 1074 1439 putealis
1112 1385 1202 1425 duci
1238 1398 1319 1425 non
1354 1387 1500 1438 potest.
1562 1384 1733 1426 Constat

190 1456 315 1509 igitur
343 1467 427 1496 non
455 1455 537 1495 nisi
565 1455 666 1495 fonti
696 1456 764 1496 vel
793 1455 949 1496 flumini
978 1455 1047 1496 vel
1076 1455 1278 1496 interdum
1308 1454 1429 1505 lacui,
1474 1466 1579 1508 quae
1623 1457 1728 1510 (pro-
1784 1499 1788 1501 .

190 1523 277 1580 prio
308 1525 475 1577 vigore)
506 1526 729 1578 praestent,
773 1528 819 1566 ut
847 1529 1043 1579 perpetuo
1085 1526 1177 1565 duci
1224 1527 1399 1575 possint,
1454 1526 1759 1577 aquaeductus

192 1594 429 1636 servitutem
458 1594 610 1648 imponi
638 1607 768 1649 posse.

914 1813 953 1863 ξ.
978 1813 1015 1854 7.

441 1893 787 1938 controversiae
820 1893 871 1937 de
904 1905 1039 1938 causa
1067 1895 1293 1949 perpetua
1321 1896 1485 1938 motae.-

303 1985 529 2041 ‘Postquam
550 1998 603 2026 ne
622 1986 673 2027 de
695 1999 818 2028 causa·
834 1989 1029 2042 perpetua
1049 1986 1271 2027 doctrinam
1291 1987 1568 2041 aquaeductus
1588 1987 1733 2029 distur-

142 2092 166 2105 .,
194 2057 349 2110 bemus,
379 2058 557 2098 maxime
588 2058 808 2112 Ulpianum
837 2059 942 2098 hanc
971 2072 1058 2097 rem
1087 2059 1129 2097 in
1159 2059 1274 2098 libris
1305 2059 1388 2098 suis
1420 2059 1472 2098 ad
1500 2059 1689 2099 Edictum
1704 2060 1733 2109 ¹)

146 2151 149 2152 ν
196 2127 440 2168 tractantem·
465 2127 605 2178 secuti,
651 2120 823 2182 primum
868 2127 965 2180 quid
1002 2127 1240 2178 sentiamus,
1282 2127 1580 2182 simplicissime
1611 2140 1736 2183 expo-

141 2186 143 2189 ·
197 2198 361 2248 suimus,
392 2211 500 2238 nunc
529 2199 581 2238 ad
611 2199 930 2238 controversiam
961 2199 1073 2238 illam
1103 2199 1154 2237 de
1182 2198 1259 2237 hac
1292 2212 1336 2237 re
1365 2199 1598 2250 graviorem
1628 2201 1668 2239 et
1693 2200 1735 2238 in

196 2267 513 2321 imprudentia
541 2280 615 2322 per
634 2268 798 2308 saecula
818 2270 1080 2321 propagatam
1099 2269 1362 2307 transeamus.
1413 2267 1609 2308 Dubitare
1629 2269 1737 2308 enim

197 2339 352 2391 potest,
395 2351 448 2379 ne
484 2338 606 2381 etiam
634 2337 855 2379 Justiniani
894 2342 1074 2392 tempore
1110 2350 1214 2391 aqua
1249 2339 1444 2391 perpetua
1482 2350 1530 2379 ac
1558 2335 1657 2379 viva
1687 2338 1739 2380 ad

199 2407 435 2448 servitutem
466 2419 595 2461 aquae
625 2408 834 2448 ducendae
863 2408 1188 2448 constituendam
1211 2420 1313 2460 opus
1342 2407 1479 2457 fuerit,
1509 2408 1606 2460 quia
1636 2408 1739 2447 duae

107 2499 109 2502 ·
144 2529 147 2532 Α
202 2476 317 2529 leges
338 2478 381 2518 in
399 2478 620 2531 pandectas
640 2480 827 2531 receptae
858 2478 901 2526 (l.
924 2478 951 2520 2
972 2476 1018 2517 D.
1041 2476 1079 2527 8,
1100 2477 1129 2519 4
1158 2478 1198 2516 et
1227 2477 1253 2516 1.
1277 2477 1303 2518 9
1324 2477 1370 2517 D.
1394 2478 1433 2526 8,
1455 2478 1498 2527 3)
1532 2478 1740 2518 doctrinae

318 2675 355 2719 3)
379 2676 429 2710 Of.
461 2676 501 2709 L.
522 2678 551 2709 1.
576 2678 605 2719 ξ.
623 2677 655 2709 6.
680 2676 720 2709 D.
739 2677 795 2716 43,
819 2677 881 2709 20:
938 2701 971 2707 ..
998 2678 1064 2716 „ut
1088 2674 1284 2708 defluere
1315 2679 1410 2708 extra
1441 2679 1568 2710 terram
1598 2680 1632 2709 ot
1666 2678 1746 2711 usui

205 2741 277 2765 osse
300 2743 369 2767 non
393 2735 537 2776 possint.
540 2736 561 2753 “

324 2790 357 2835 1)
383 2792 433 2825 Of.
457 2792 509 2825 tit.
534 2794 581 2825 20
606 2796 639 2825 et
662 2793 717 2825 21.
743 2792 784 2823 D.
802 2792 856 2823 43.

1487 2849 1539 2883 2*
