1961 3007
785 932 1185 998 VITA.
1227 937 1229 939 ’

349 1228 557 1307 Julius
600 1258 859 1307 Wasner
908 1258 1286 1306 Vratislaviensis
1341 1275 1379 1305 a.
1405 1259 1468 1305 -d.
1519 1258 1627 1306 XV.
1669 1256 1766 1307 Oai.

128 1335 131 1337 .
160 1364 162 1366 ’
225 1348 451 1400 Octobres
485 1369 525 1399 a.
551 1353 594 1399 h.
622 1370 657 1400 s.
683 1352 923 1400 XXVIII.
950 1355 1085 1399 natus
1112 1368 1211 1399 sum
1243 1357 1379 1414 patre
1411 1352 1764 1415 Theophilo,

153 1443 156 1446 ’
226 1448 365 1507 quem
406 1461 526 1493 anno
570 1440 718 1493 LXV.
763 1450 907 1501 morte
957 1451 1166 1508 ereptum
1211 1444 1345 1492 valde
1391 1445 1528 1509 lugeo
1542 1482 1553 1503 ,
1621 1449 1767 1493 matre

222 1530 398 1585 Luisa
429 1554 457 1585 a
493 1543 630 1601 gente
665 1538 991 1592 Batzdorff‚
1038 1554 1175 1600 quam
1215 1537 1366 1585 adhuc
1399 1538 1548 1585 vivam
1590 1554 1764 1586 summa¹

223 1629 398 1694 pietate
430 1646 638 1678 veneror.
712 1630 844 1678 Fidei
885 1646 983 1678 sum
1025 1630 1236 1678 addictus
1273 1630 1539 1679 catholicae.
1614 1629 1763 1687 Quum

223 1701 443 1794 parentes
491 1725 581 1770 mei
636 1739 868 1786 pauperes
912 1728 1093 1781 essent,
1151 1740 1288 1787 quam
1339 1728 1392 1770 ut
1446 1723 1654 1771 subsidia
1705 1723 1765 1771 ad

0 1808 7 1834 ³
223 1809 481 1866 litterarum
514 1817 851 1874 tractationem,
890 1832 1027 1880 quam
1059 1817 1256 1864 maxime
1288 1817 1338 1863 in
1376 1817 1493 1864 votis
1526 1816 1765 1874 habebam,

223 1909 487 1960 necessaria
517 1910 628 1959 mihi
653 1910 952 1974 praeberent,
990 1926 1139 1975 usque
1163 1909 1223 1958 ad
1247 1925 1417 1958 annum
1441 1910 1605 1958 aetatis
1631 1911 1767 1974 quine

0 1990 168 2052 *³325*
192 1997 206 2045 Ῐ
224 2008 321 2052 tum
367 2003 593 2052 decimum
654 2007 806 2052 actum
851 2004 1144 2068 frequentavi
1197 2004 1357 2051 ludum
1408 2004 1768 2051 elementarium.

223 2097 429 2145 Tandem
460 2097 653 2160 contigit
684 2097 816 2154 1111111,
862 2102 914 2144 ut
949 2114 989 2144 a.
1014 2098 1057 2145 h.
1085 2114 1121 2145 s.
1148 2096 1250 2144 LII.
1293 2098 1343 2144 in
1379 2097 1668 2160 gymnasium
1706 2097 1767 2144 ad

190 2189 288 2238 >St.
333 2190 558 2238 Mathiam
608 2191 738 2237 urbis
789 2196 974 2238 nostrae
1028 2192 1287 2254 reciperer,
1357 2190 1481 2253 quod
1536 2190 1766 2238 directore

31 2278 50 2319 f
78 2313 84 2323 »
155 2293 157 2295 ’
222 2282 303 2331 Dr.
330 2283 581 2342 Wissowa,
631 2285 706 2331 cui
748 2300 957 2347 magnam
999 2284 1366 2332 benevolentiam
1401 2284 1567 2342 debeo,
1618 2284 1763 2332 floret.

220 2376 324 2426 Lex
357 2377 491 2425 annis
537 2382 583 2425 et
626 2369 837 2426 semestri
877 2382 985 2441 post
1026 2378 1264 2441 primanus
1308 2378 1540 2447 inferioris
1589 2378 1765 2426 ordinis

224 2472 465 2537 gymnasio
498 2472 660 2519 relicto
686 2472 795 2519 anni
818 2470 947 2519 LIX.
974 2476 1182 2536 tempore
1206 2471 1414 2535 paschali
1440 2487 1604 2519 munus
1630 2488 1766 2536 prae—

224 2540 428 2629 ceptoris
490 2564 728 2613 domestici
787 2565 837 2611 in
888 2563 1054 2612 Silesia
1111 2565 1353 2628 superiore
1402 2564 1514 2612 mihi
1565 2565 1766 2613 delatum

225 2658 425 2722 suscepi.
487 2655 626 2707 Anno
652 2658 973 2722 praeterlapso
993 2657 1318 2707 Vratislaviam
1354 2656 1486 2716 redii,
1519 2649 1598 2706 ubi
1625 2659 1766 2722 paulo
1791 2728 1793 2731 Ι

204 2739 334 2816 post
389 2751 597 2800 extranei
657 2752 839 2800 nomine
891 2751 1165 2800 maturitatis
1210 2751 1519 2800 testimonium
1567 2750 1766 2816 adeptus
1820 2732 1829 2769 fi
