1961 3007
499 340 921 400 ‘memmqm‘hauo
929 341 1169 386 doctrinam
1176 324 1363 385 maxime
1372 342 1567 393 excoluit„
1587 343 1731 385 nister—
1751 386 1754 388 ,
1797 362 1816 384 -4

188 416 287 463 w
347 402 530 477 &fibn‘fll
538 414 608 457 ,vel
636 414 794 484 pecoris
823 415 873 456 ad
901 427 1047 468 aquam
1067 412 1299 468 appellendi
1321 415 1559 454 servitutem
1578 414 1731 467 imponi

149 486 156 490 ’
140 495 317 555 posse
326 478 504 539 negans,
512 479 602 525 eam
621 482 703 537 non
721 485 873 526 habere
893 483 1008 525 dicit
1013 487 1251 538 perpetuam
1270 496 1435 524 causam
1456 483 1547 523 n‘ec
1566 482 1731 523 vivam

139 582 145 602 2
172 544 464 620 ἱῃςῐιαςιιιῑῑ)
476 552 570 594 Nec
599 566 698 592 vero
729 553 914 594 dubitare
943 567 1169 608 possumus,
1201 554 1299 606 quin
1329 567 1435 607 aqua
1465 553 1564 593 viva
1592 554 1636 593 in
1661 553 1731 592 his

145 619 454 681 servitutibus
495 620 603 662 idem
643 622 697 662 sit
734 629 857 675 atque
887 623 996 676 quod
1026 635 1051 663 a
1080 614 1234 665 Paullo
1264 623 1461 664 naturalis
1492 634 1617 662 causa
1646 634 1730 662 ser-

144 684 362 745 ,¹·-v1tutum
384 685 558 740 dicisum
600 703 693 731 nam
722 692 822 732 viva
850 705 957 745 aqua
986 706 1067 733 non
1098 693 1179 733 alia
1199 695 1261 733 est
1280 706 1401 745 quam
1420 693 1595 742 fontana,
1625 705 1731 745 quae

154 751 156 753 ,
188 774 226 809 a
223 767 366 807 τοι-τα
363 760 671 816 quodammodo
699 764 936 815 procreatur
964 775 1021 802 ac
1040 764 1253 816 postquam
1272 765 1484 816 procreata
1504 764 1576 812 est,
1611 762 1730 815 quasi

71 838 114 887 ‘gf‘-
170 835 334 895 ’,τίνω
362 845 409 873 se
437 832 586 871 movet.
646 831 890 872 Huiusmodi
927 845 1032 884 aqua
1068 845 1150 872 non
1186 832 1317 872 solum
1354 832 1455 872 fonti
1492 832 1730 885 fluminique

182 898 262 953 'ssu
291 902 364 942 sed
393 900 515 941 etiam
541 901 678 950 lacus,
707 901 880 965 piscina,
911 904 1057 954 puteus
1089 913 1234 953 aquam
1264 902 1414 941 habere
1442 904 1615 953 possunt
1642 902 1729 941 fon-

40 975 46 987 ¹
75 1009 79 1017 .
106 971 127 981 ”
160 993 164 996 ·
187 976 322 1014 mnam
334 970 379 1019 ⁴).
441 969 587 1022 Itaque
616 983 693 1010 nec
722 969 914 1020 cisterna,
959 984 1062 1023 quae
1102 970 1297 1011 imbribus
1327 970 1550 1024 concipitur
1563 968 1607 1021 5),
1652 983 1730 1010 nec

146 1023 149 1029 ¹
187 1043 387 1094 stagnum,
418 1040 526 1092 quod
556 1040 818 1092 temporalem
859 1040 1038 1079 continet
1080 1052 1226 1092 aquam
1267 1040 1418 1078 ibidem
1462 1041 1730 1092 stagnantem,

64 1158 79 1167 ..
187 1105 292 1165 quae
321 1108 482 1163 quidem
513 1122 618 1162 aqua
645 1109 884 1164 plerumque
913 1109 1046 1150 hieme
1076 1109 1235 1163 cogitur
1252 1109 1302 1161 6),
1349 1109 1570 1150 servitutes
1600 1121 1730 1162 aquae

54 1179 73 1233 j
142 1185 145 1187 ’
187 1180 399 1234 accipiunt.

207 1261 210 1263 ’
259 1262 282 1283 0

907 1320 945 1371 ξ.
969 1319 1005 1360 6.

732 1397 783 1440 Id
813 1397 930 1451 quod
961 1398 1179 1451 sequitur.

307 1491 429 1537 Quod
457 1492 509 1531 ad
539 1493 835 1548 aquaeductum
865 1492 1024 1541 attinet,
1063 1491 1265 1544 Ulpianus
1295 1492 1411 1531 dicit:
1462 1491 1617 1541 „Nulla
1647 1493 1730 1532 alia

126 1573 128 1575 ’
190 1572 310 1615 aqua*
325 1561 418 1602 duci
448 1563 583 1616 potest
610 1561 690 1602 nisi
722 1574 827 1615 quae
856 1561 1101 1616 perennis
1133 1564 1234 1602 est.“
1295 1560 1432 1608 Quum
1453 1565 1584 1603 autem
1608 1562 1747 1602 etiam*

190 1643 240 1671 ea
269 1644 384 1684 aqua,
427 1644 547 1684 quam
581 1632 734 1685 publici
765 1632 1059 1683 aquaeductus,
1105 1633 1276 1672 castella
1305 1632 1374 1672 vel
1404 1633 1532 1682 lacus,
1580 1636 1729 1681 tenent,

188 1702 385 1755 perpetua
415 1714 506 1741 esse
534 1702 665 1756 possit
677 1703 717 1751 ¹),
764 1700 964 1754 Ulpianus
995 1714 1133 1741 earum
1159 1704 1315 1742 tantum
1347 1714 1559 1754 aquarum,
1603 1714 1730 1753 quae

190 1782 215 1809 a
245 1770 414 1823 capite
444 1770 717 1820 ducantur,
747 1783 829 1810 non
860 1770 1024 1810 aliunde
1055 1771 1292 1810 servitutem
1321 1771 1409 1810 iure
1440 1771 1551 1810 civili
1582 1771 1730 1810 consti-

189 1839 248 1879 tui
277 1852 398 1893 posse
428 1840 551 1882 addit.
611 1839 692 1880 Per
720 1852 864 1893 aquam
895 1853 992 1881 vero
1023 1854 1077 1881 ex
1107 1840 1237 1894 capite
1266 1841 1491 1881 ducendam
1510 1841 1595 1890 illa,
1626 1853 1732 1893 quae

190 1909 288 1949 viva
317 1909 484 1959 dicitur,
529 1910 798 1962 intelligenda
828 1912 901 1949 est.
970 1910 1021 1949 Id
1060 1911 1168 1963 quod
1209 1923 1262 1950 ex
1304 1911 1368 1950 his
1414 1911 1570 1952 verbis:
1613 1910 1730 1950 Haec

190 1978 403 2019 interdicta
448 1980 497 2018 de
539 1992 645 2032 aqua
689 1979 812 2019 item
853 1980 912 2019 de
957 1980 1092 2020 fonte
1142 1982 1269 2032 (quod
1314 1980 1365 2020 ad
1395 1980 1534 2020 vivam
1572 1982 1730 2019 tantum

191 2058 336 2100 aquam
365 2048 555 2102 pertinet)
587 2048 639 2088 ad
667 2061 757 2089 eam
785 2060 931 2101 aquam
962 2049 1165 2102 pertinere
1195 2049 1397 2099 videntur,
1428 2061 1533 2101 quae
1553 2061 1585 2101 a
1598 2049 1730 2102 capite

275 2255 277 2258 Α
307 2209 344 2255 3)
367 2210 406 2246 L.
431 2222 488 2247 un.
512 2213 541 2256 ξ.
560 2213 592 2246 4.
615 2212 658 2247 D.
682 2212 739 2253 43,
763 2212 818 2258 22.

307 2269 345 2311 4)
368 2270 408 2302 L.
433 2281 490 2302 un.
516 2274 545 2311 ξ.
563 2272 595 2302 4.
621 2270 661 2301 D.
688 2271 823 2318 43,.22.

309 2326 346 2371 ὅ)
369 2327 409 2361 L.
433 2339 489 2361 un.
515 2330 544 2370 ξ.
561 2330 594 2361 4.
618 2327 659 2361 D.
684 2328 740 2368 43,
765 2328 820 2361 22.

308 2385 345 2428 6)
367 2386 407 2419 L.
426 2388 443 2419 1
481 2389 509 2428 ξ.
527 2388 560 2420 4.
585 2388 628 2420 D.
644 2388 699 2426 43,
727 2387 779 2419 14.
827 2386 867 2419 L.
885 2387 939 2420 28.
966 2387 1006 2419 D.
1032 2388 1065 2426 8,
1091 2387 1122 2419 2.

310 2442 345 2486 1)
368 2443 408 2477 L.
429 2446 457 2476 1.
482 2447 511 2486 ξ.
531 2446 561 2478 7.
587 2446 642 2477 39.
667 2444 707 2477 D.
733 2444 790 2484 43,
813 2445 868 2476 20.
905 2462 949 2467 —-
985 2443 1098 2476 Lacus
1130 2453 1252 2486 aquam
1282 2444 1394 2476 vivam
1425 2443 1598 2476 interdum
1628 2442 1733 2475 habet

191 2498 245 2542 (L.
268 2510 326 2533 un.
350 2502 379 2542 ἓ.
397 2504 428 2533 4.
461 2502 501 2534 D.
527 2504 583 2542 43,
608 2501 680 2545 22),
721 2502 780 2534 sed
816 2501 959 2543 proinde
991 2511 1030 2534 ac
1061 2501 1239 2534 castellum
1270 2511 1391 2543 aquam
1423 2500 1599 2534 collectam
1630 2511 1733 2542 saepe

191 2556 316 2591 habere
339 2559 475 2592 videtur
499 2559 551 2604 (L.
570 2562 600 2594 3.
626 2561 654 2602 ξ.
673 2562 704 2593 3.
732 2560 770 2593 D.
790 2561 846 2602 43,
871 2561 925 2593 21.
950 2559 1105 2593 Frontin.
1131 2561 1159 2602 §-
1180 2555 1280 2603 149).
1326 2560 1474 2592 Omnino
1505 2563 1618 2593 autem
1653 2569 1732 2601 per-

191 2619 330 2657 petuam
353 2628 478 2660 aquam
502 2629 575 2652 esse
608 2618 710 2660 lacui,
751 2618 919 2664 Ulpianus
950 2618 1034 2651 dicit
1061 2617 1115 2662 (L.
1140 2629 1197 2651 un.
1222 2619 1250 2659 ξ.
1270 2620 1300 2651 3.
1326 2619 1367 2651 D.
1386 2619 1441 2659 43,
1470 2617 1537 2661 12).
1585 2617 1733 2651 Paullus

193 2667 328 2717 quidem
352 2680 469 2719 negat,
502 2677 617 2711 lacum
646 2676 771 2711 habere
802 2680 1002 2721 perpetuam
1037 2686 1173 2710 causam
1197 2675 1236 2721 (1.
1254 2678 1308 2710 28.
1336 2677 1374 2709 D.
1393 2678 1425 2717 8,
1450 2675 1498 2720 2),
1522 2679 1637 2711 tamen
1660 2676 1736 2719 ipse

194 2731 235 2766 de
268 2733 363 2769 lacu
393 2740 624 2780 perpetuo,
657 2737 714 2770 cui
745 2737 892 2771 servitus
922 2736 1109 2779 navigandi
1139 2736 1272 2778 imponi
1295 2736 1422 2779 possit,
1447 2735 1600 2780 loquitur
1624 2735 1662 2779 (1.
1678 2736 1734 2769 23.

192 2792 222 2831 ς.
242 2792 271 2824 1.
296 2793 338 2825 D.
356 2795 389 2835 8,
415 2793 460 2837 3).

1432 2854 1455 2887 2
