<?xml version="1.0" encoding="UTF-8"?>
<!DOCTYPE html PUBLIC "-//W3C//DTD XHTML 1.0 Transitional//EN"
    "http://www.w3.org/TR/xhtml1/DTD/xhtml1-transitional.dtd">
<html xmlns="http://www.w3.org/1999/xhtml" xml:lang="en" lang="en">
 <head>
  <title>
</title>
<meta http-equiv="Content-Type" content="text/html;charset=utf-8" />
  <meta name='ocr-system' content='tesseract 3.04.00' />
  <meta name='ocr-capabilities' content='ocr_page ocr_carea ocr_par ocr_line ocrx_word'/>
</head>
<body>
  <div class='ocr_page' id='page_1' title='image "4738115_0038.png"; bbox 0 0 1961 3007; ppageno 0'>
   <div class='ocr_carea' id='block_1_1' title="bbox 457 0 624 81">
    <p class='ocr_par' dir='ltr' id='par_1_1' title="bbox 457 0 624 81">
     <span class='ocr_line' id='line_1_1' title="bbox 457 0 624 81; baseline 0 2926"><span class='ocrx_word' id='word_1_1' title='bbox 457 0 624 81; x_wconf 95' lang='lat' dir='ltr'> </span> 
     </span>
    </p>
   </div>
   <div class='ocr_carea' id='block_1_2' title="bbox 685 0 1956 336">
    <p class='ocr_par' dir='ltr' id='par_1_2' title="bbox 685 0 1956 336">
     <span class='ocr_line' id='line_1_2' title="bbox 685 0 1956 336; baseline 0 0"><span class='ocrx_word' id='word_1_2' title='bbox 685 0 1956 336; x_wconf 95' lang='lat' dir='ltr'>  </span> 
     </span>
    </p>
   </div>
   <div class='ocr_carea' id='block_1_3' title="bbox 527 264 1543 420">
    <p class='ocr_par' dir='ltr' id='par_1_3' title="bbox 527 264 1543 420">
     <span class='ocr_line' id='line_1_3' title="bbox 903 264 1060 326; baseline 0 -12"><span class='ocrx_word' id='word_1_3' title='bbox 903 267 943 326; x_wconf 64' lang='grc' dir='ltr'>ξ.</span> <span class='ocrx_word' id='word_1_4' title='bbox 968 273 1033 315; x_wconf 95' lang='grc'>11.</span> <span class='ocrx_word' id='word_1_5' title='bbox 1058 264 1060 266; x_wconf 42' lang='grc'><strong>’</strong></span> 
     </span>
     <span class='ocr_line' id='line_1_4' title="bbox 527 351 1543 420; baseline -0.002 -11"><span class='ocrx_word' id='word_1_6' title='bbox 527 364 591 408; x_wconf 87' lang='lat' dir='ltr'>De</span> <span class='ocrx_word' id='word_1_7' title='bbox 625 351 932 420; x_wconf 74' lang='lat' dir='ltr'><strong>aquaeductus</strong></span> <span class='ocrx_word' id='word_1_8' title='bbox 962 364 1197 409; x_wconf 80' lang='lat' dir='ltr'>individua</span> <span class='ocrx_word' id='word_1_9' title='bbox 1226 367 1413 420; x_wconf 83' lang='lat' dir='ltr'>natura.</span> <span class='ocrx_word' id='word_1_10' title='bbox 1440 365 1455 406; x_wconf 77' lang='grc'>-’</span> <span class='ocrx_word' id='word_1_11' title='bbox 1515 358 1543 392; x_wconf 78' lang='grc'><em>”</em></span> 
     </span>
    </p>
   </div>
   <div class='ocr_carea' id='block_1_4' title="bbox 278 457 1678 561">
    <p class='ocr_par' dir='ltr' id='par_1_4' title="bbox 278 457 1678 561">
     <span class='ocr_line' id='line_1_5' title="bbox 278 457 1678 531; baseline 0.002 -41"><span class='ocrx_word' id='word_1_12' title='bbox 278 457 414 500; x_wconf 76' lang='lat' dir='ltr'>(Elvers</span> <span class='ocrx_word' id='word_1_13' title='bbox 438 459 467 499; x_wconf 78' lang='lat'>5.</span> <span class='ocrx_word' id='word_1_14' title='bbox 485 458 507 490; x_wconf 99' lang='lat'>9</span> <span class='ocrx_word' id='word_1_15' title='bbox 532 467 564 501; x_wconf 85' lang='lat' dir='ltr'>p.</span> <span class='ocrx_word' id='word_1_16' title='bbox 582 459 628 491; x_wconf 90' lang='grc'>89</span> <span class='ocrx_word' id='word_1_17' title='bbox 653 469 721 502; x_wconf 89' lang='lat' dir='ltr'>seq.</span> <span class='ocrx_word' id='word_1_18' title='bbox 747 458 943 502; x_wconf 67' lang='lat' dir='ltr'>:Boecking</span> <span class='ocrx_word' id='word_1_19' title='bbox 966 460 996 500; x_wconf 62' lang='grc' dir='ltr'>ἓ.</span> <span class='ocrx_word' id='word_1_20' title='bbox 1017 458 1084 491; x_wconf 82' lang='grc'>162</span> <span class='ocrx_word' id='word_1_21' title='bbox 1107 457 1185 491; x_wconf 80' lang='lat' dir='ltr'>f.-</span> <span class='ocrx_word' id='word_1_22' title='bbox 1193 457 1226 491; x_wconf 84' lang='lat' dir='ltr'>k.</span> <span class='ocrx_word' id='word_1_23' title='bbox 1251 459 1279 501; x_wconf 60' lang='grc' dir='ltr'>ᾖ.</span> <span class='ocrx_word' id='word_1_24' title='bbox 1299 459 1342 492; x_wconf 83' lang='grc'>75</span> <span class='ocrx_word' id='word_1_25' title='bbox 1365 460 1678 531; x_wconf 27' lang='grc' dir='ltr'><strong>31011115.ιὲ</strong></span> 
     </span>
     <span class='ocr_line' id='line_1_6' title="bbox 519 515 1411 561; baseline 0 -11"><span class='ocrx_word' id='word_1_26' title='bbox 519 515 636 559; x_wconf 80' lang='lat'>§.169</span> <span class='ocrx_word' id='word_1_27' title='bbox 661 529 740 560; x_wconf 84' lang='lat' dir='ltr'>g—</span> <span class='ocrx_word' id='word_1_28' title='bbox 750 519 772 551; x_wconf 93' lang='lat' dir='ltr'>i.</span> <span class='ocrx_word' id='word_1_29' title='bbox 798 520 827 559; x_wconf 68' lang='grc' dir='ltr'>ξ.</span> <span class='ocrx_word' id='word_1_30' title='bbox 848 519 910 550; x_wconf 92' lang='grc'>171</span> <span class='ocrx_word' id='word_1_31' title='bbox 938 528 967 550; x_wconf 85' lang='lat' dir='ltr'>v.</span> <span class='ocrx_word' id='word_1_32' title='bbox 1015 516 1192 559; x_wconf 83' lang='lat' dir='ltr'>Keller5.</span> <span class='ocrx_word' id='word_1_33' title='bbox 1214 518 1289 558; x_wconf 83' lang='lat'>164,</span> <span class='ocrx_word' id='word_1_34' title='bbox 1315 520 1346 550; x_wconf 97' lang='lat'>4.</span> <span class='ocrx_word' id='word_1_35' title='bbox 1363 517 1411 561; x_wconf 93' lang='lat'>5.)</span> 
     </span>
    </p>
   </div>
   <div class='ocr_carea' id='block_1_5' title="bbox 192 596 1795 722">
    <p class='ocr_par' dir='ltr' id='par_1_5' title="bbox 192 567 1796 731">
     <span class='ocr_line' id='line_1_7' title="bbox 307 596 1795 655; baseline -0.009 -18"><span class='ocrx_word' id='word_1_36' title='bbox 307 597 369 637; x_wconf 91' lang='lat' dir='ltr'>De</span> <span class='ocrx_word' id='word_1_37' title='bbox 398 611 481 638; x_wconf 89' lang='lat' dir='ltr'>una</span> <span class='ocrx_word' id='word_1_38' title='bbox 495 600 668 655; x_wconf 29' lang='lat' dir='ltr'>‘tantum</span> <span class='ocrx_word' id='word_1_39' title='bbox 698 612 753 650; x_wconf 86' lang='lat' dir='ltr'>re,</span> <span class='ocrx_word' id='word_1_40' title='bbox 784 612 908 652; x_wconf 91' lang='lat' dir='ltr'>quum</span> <span class='ocrx_word' id='word_1_41' title='bbox 939 599 988 638; x_wconf 89' lang='lat' dir='ltr'>de</span> <span class='ocrx_word' id='word_1_42' title='bbox 1020 598 1243 640; x_wconf 77' lang='lat' dir='ltr'>interdictis</span> <span class='ocrx_word' id='word_1_43' title='bbox 1273 596 1325 639; x_wconf 86' lang='lat' dir='ltr'>ad</span> <span class='ocrx_word' id='word_1_44' title='bbox 1352 612 1495 653; x_wconf 88' lang='lat' dir='ltr'>aquam</span> <span class='ocrx_word' id='word_1_45' title='bbox 1517 598 1795 648; x_wconf 67' lang='lat' dir='ltr'>ducendam</span> 
     </span>
     <span class='ocr_line' id='line_1_8' title="bbox 192 665 1779 722; baseline 0 -14"><span class='ocrx_word' id='word_1_46' title='bbox 192 668 469 721; x_wconf 75' lang='lat' dir='ltr'>spectantibus</span> <span class='ocrx_word' id='word_1_47' title='bbox 499 669 543 708; x_wconf 90' lang='lat' dir='ltr'>in</span> <span class='ocrx_word' id='word_1_48' title='bbox 574 670 704 711; x_wconf 88' lang='lat' dir='ltr'>altera</span> <span class='ocrx_word' id='word_1_49' title='bbox 733 671 847 722; x_wconf 86' lang='lat' dir='ltr'>parte</span> <span class='ocrx_word' id='word_1_50' title='bbox 878 670 1099 721; x_wconf 83' lang='lat' dir='ltr'>loquamur,</span> <span class='ocrx_word' id='word_1_51' title='bbox 1130 670 1259 709; x_wconf 87' lang='lat' dir='ltr'>restat</span> <span class='ocrx_word' id='word_1_52' title='bbox 1278 669 1396 709; x_wconf 85' lang='lat' dir='ltr'>nobis</span> <span class='ocrx_word' id='word_1_53' title='bbox 1415 669 1550 710; x_wconf 71' lang='lat' dir='ltr'>dicere</span> <span class='ocrx_word' id='word_1_54' title='bbox 1567 669 1604 722; x_wconf 78' lang='lat' dir='ltr'>i.</span> <span class='ocrx_word' id='word_1_55' title='bbox 1624 668 1666 710; x_wconf 57' lang='lat' dir='ltr'>ei</span> <span class='ocrx_word' id='word_1_56' title='bbox 1690 665 1779 716; x_wconf 76' lang='lat' dir='ltr'>d‘e</span> 
     </span>
    </p>
   </div>
   <div class='ocr_carea' id='block_1_6' title="bbox 1019 247 1961 681">
    <p class='ocr_par' dir='ltr' id='par_1_6' title="bbox 1019 247 1961 681">
     <span class='ocr_line' id='line_1_9' title="bbox 1019 247 1956 352; baseline 0 0"><span class='ocrx_word' id='word_1_57' title='bbox 1019 247 1956 352; x_wconf 95' lang='lat' dir='ltr'>  </span> 
     </span>
     <span class='ocr_line' id='line_1_10' title="bbox 1510 352 1956 637; baseline 0 -202"><span class='ocrx_word' id='word_1_58' title='bbox 1510 352 1956 637; x_wconf 95' lang='lat' dir='ltr'>    </span> 
     </span>
     <span class='ocr_line' id='line_1_11' title="bbox 1780 637 1961 681; baseline 0 2326"><span class='ocrx_word' id='word_1_59' title='bbox 1780 637 1961 681; x_wconf 95' lang='lat' dir='ltr'> </span> 
     </span>
    </p>
   </div>
   <div class='ocr_carea' id='block_1_7' title="bbox 189 729 1782 863">
    <p class='ocr_par' dir='ltr' id='par_1_7' title="bbox 189 728 1930 870">
     <span class='ocr_line' id='line_1_12' title="bbox 191 729 1779 797; baseline 0 -20"><span class='ocrx_word' id='word_1_60' title='bbox 191 737 401 777; x_wconf 89' lang='lat' dir='ltr'>servitutis</span> <span class='ocrx_word' id='word_1_61' title='bbox 431 737 644 778; x_wconf 87' lang='lat' dir='ltr'>individua</span> <span class='ocrx_word' id='word_1_62' title='bbox 674 745 829 778; x_wconf 88' lang='lat' dir='ltr'>natura.</span> <span class='ocrx_word' id='word_1_63' title='bbox 892 737 1147 789; x_wconf 79' lang='lat' dir='ltr'>Quamquam</span> <span class='ocrx_word' id='word_1_64' title='bbox 1177 743 1365 779; x_wconf 85' lang='lat' dir='ltr'>accurata</span> <span class='ocrx_word' id='word_1_65' title='bbox 1394 738 1515 779; x_wconf 82' lang='lat' dir='ltr'>huius</span> <span class='ocrx_word' id='word_1_66' title='bbox 1535 729 1743 780; x_wconf 79' lang='lat' dir='ltr'>doctrinae</span> <span class='ocrx_word' id='word_1_67' title='bbox 1761 748 1779 797; x_wconf 55' lang='grc' dir='ltr'>ᾗ</span> 
     </span>
     <span class='ocr_line' id='line_1_13' title="bbox 189 806 1782 863; baseline -0.002 -16"><span class='ocrx_word' id='word_1_68' title='bbox 189 808 375 848; x_wconf 84' lang='lat' dir='ltr'>tractatio</span> <span class='ocrx_word' id='word_1_69' title='bbox 407 806 737 860; x_wconf 87' lang='lat' dir='ltr'>confirmatioque</span> <span class='ocrx_word' id='word_1_70' title='bbox 766 808 817 847; x_wconf 90' lang='lat' dir='ltr'>ad</span> <span class='ocrx_word' id='word_1_71' title='bbox 838 807 1149 860; x_wconf 80' lang='lat' dir='ltr'>descriptionem</span> <span class='ocrx_word' id='word_1_72' title='bbox 1170 808 1346 848; x_wconf 86' lang='lat' dir='ltr'>omnium</span> <span class='ocrx_word' id='word_1_73' title='bbox 1367 808 1606 849; x_wconf 81' lang='lat' dir='ltr'>servitutem</span> <span class='ocrx_word' id='word_1_74' title='bbox 1624 808 1742 849; x_wconf 55' lang='lat' dir='ltr'>reuo-</span> <span class='ocrx_word' id='word_1_75' title='bbox 1774 808 1911 870; x_wconf 27' lang='lat'>,⁷</span> 
     </span>
    </p>
   </div>
   <div class='ocr_carea' id='block_1_8' title="bbox 137 877 1774 1138">
    <p class='ocr_par' dir='ltr' id='par_1_8' title="bbox 192 877 1763 931">
     <span class='ocr_line' id='line_1_14' title="bbox 192 877 1763 931; baseline 0.001 -14"><span class='ocrx_word' id='word_1_76' title='bbox 192 878 344 917; x_wconf 87' lang='lat' dir='ltr'>candae</span> <span class='ocrx_word' id='word_1_77' title='bbox 375 880 490 927; x_wconf 90' lang='lat' dir='ltr'>sunt,</span> <span class='ocrx_word' id='word_1_78' title='bbox 522 880 658 917; x_wconf 89' lang='lat' dir='ltr'>tamen</span> <span class='ocrx_word' id='word_1_79' title='bbox 687 878 903 931; x_wconf 79' lang='lat' dir='ltr'>praecipue</span> <span class='ocrx_word' id='word_1_80' title='bbox 944 877 1040 929; x_wconf 90' lang='lat' dir='ltr'>quia</span> <span class='ocrx_word' id='word_1_81' title='bbox 1071 877 1247 917; x_wconf 86' lang='lat' dir='ltr'>servitus</span> <span class='ocrx_word' id='word_1_82' title='bbox 1277 891 1406 930; x_wconf 86' lang='lat' dir='ltr'>aquae</span> <span class='ocrx_word' id='word_1_83' title='bbox 1438 879 1625 931; x_wconf 88' lang='lat' dir='ltr'>pluribus</span> <span class='ocrx_word' id='word_1_84' title='bbox 1654 878 1763 922; x_wconf 63' lang='lat' dir='ltr'>sum</span> 
     </span>
    </p>

    <p class='ocr_par' dir='ltr' id='par_1_9' title="bbox 137 940 1742 1001">
     <span class='ocr_line' id='line_1_15' title="bbox 137 940 1742 1001; baseline 0.001 -15"><span class='ocrx_word' id='word_1_85' title='bbox 137 940 142 944; x_wconf 67' lang='grc'>’</span> <span class='ocrx_word' id='word_1_86' title='bbox 190 948 253 987; x_wconf 83' lang='lat' dir='ltr'>dis</span> <span class='ocrx_word' id='word_1_87' title='bbox 282 946 472 1001; x_wconf 80' lang='lat' dir='ltr'>imposita</span> <span class='ocrx_word' id='word_1_88' title='bbox 485 947 513 998; x_wconf 89' lang='lat'>1)</span> <span class='ocrx_word' id='word_1_89' title='bbox 547 949 617 987; x_wconf 89' lang='lat' dir='ltr'>aut</span> <span class='ocrx_word' id='word_1_90' title='bbox 646 947 775 987; x_wconf 90' lang='lat' dir='ltr'>modis</span> <span class='ocrx_word' id='word_1_91' title='bbox 795 947 1010 986; x_wconf 82' lang='lat' dir='ltr'>terminata</span> <span class='ocrx_word' id='word_1_92' title='bbox 1023 946 1052 997; x_wconf 73' lang='lat'>²)</span> <span class='ocrx_word' id='word_1_93' title='bbox 1086 948 1259 987; x_wconf 86' lang='lat' dir='ltr'>fortasse</span> <span class='ocrx_word' id='word_1_94' title='bbox 1279 947 1481 988; x_wconf 88' lang='lat' dir='ltr'>interdum</span> <span class='ocrx_word' id='word_1_95' title='bbox 1510 948 1742 1001; x_wconf 51' lang='grc'><strong>3113111396-</strong></span> 
     </span>
    </p>

    <p class='ocr_par' dir='ltr' id='par_1_10' title="bbox 192 1012 1774 1138">
     <span class='ocr_line' id='line_1_16' title="bbox 192 1012 1774 1069; baseline 0.001 -13"><span class='ocrx_word' id='word_1_96' title='bbox 192 1018 294 1056; x_wconf 87' lang='lat' dir='ltr'>ciem</span> <span class='ocrx_word' id='word_1_97' title='bbox 322 1017 502 1069; x_wconf 89' lang='lat' dir='ltr'>praebet,</span> <span class='ocrx_word' id='word_1_98' title='bbox 536 1017 657 1056; x_wconf 79' lang='lat' dir='ltr'>etiam</span> <span class='ocrx_word' id='word_1_99' title='bbox 688 1017 809 1055; x_wconf 90' lang='lat' dir='ltr'>huius</span> <span class='ocrx_word' id='word_1_100' title='bbox 840 1017 899 1055; x_wconf 89' lang='lat' dir='ltr'>rei</span> <span class='ocrx_word' id='word_1_101' title='bbox 930 1017 1175 1056; x_wconf 87' lang='lat' dir='ltr'>mentionem</span> <span class='ocrx_word' id='word_1_102' title='bbox 1205 1017 1387 1057; x_wconf 87' lang='lat' dir='ltr'>facimus.</span> <span class='ocrx_word' id='word_1_103' title='bbox 1763 1012 1774 1024; x_wconf 57' lang='lat'>²</span> 
     </span>
     <span class='ocr_line' id='line_1_17' title="bbox 306 1085 1742 1138; baseline 0.001 -14"><span class='ocrx_word' id='word_1_104' title='bbox 306 1086 389 1125; x_wconf 85' lang='lat' dir='ltr'>Illa</span> <span class='ocrx_word' id='word_1_105' title='bbox 419 1086 520 1125; x_wconf 90' lang='lat' dir='ltr'>iuris</span> <span class='ocrx_word' id='word_1_106' title='bbox 550 1086 706 1137; x_wconf 86' lang='lat' dir='ltr'>regula,</span> <span class='ocrx_word' id='word_1_107' title='bbox 739 1085 961 1125; x_wconf 81' lang='lat' dir='ltr'>servitutes</span> <span class='ocrx_word' id='word_1_108' title='bbox 991 1085 1224 1125; x_wconf 85' lang='lat' dir='ltr'>individuas</span> <span class='ocrx_word' id='word_1_109' title='bbox 1255 1099 1357 1135; x_wconf 89' lang='lat' dir='ltr'>esse,</span> <span class='ocrx_word' id='word_1_110' title='bbox 1388 1086 1444 1126; x_wconf 87' lang='lat' dir='ltr'>ita</span> <span class='ocrx_word' id='word_1_111' title='bbox 1473 1086 1742 1138; x_wconf 68' lang='lat' dir='ltr'>intelligenda</span> 
     </span>
    </p>
   </div>
   <div class='ocr_carea' id='block_1_9' title="bbox 191 1154 1740 1209">
    <p class='ocr_par' dir='ltr' id='par_1_11' title="bbox 191 1152 1858 1209">
     <span class='ocr_line' id='line_1_18' title="bbox 191 1154 1740 1209; baseline 0 -14"><span class='ocrx_word' id='word_1_112' title='bbox 191 1157 265 1205; x_wconf 90' lang='lat' dir='ltr'>est,</span> <span class='ocrx_word' id='word_1_113' title='bbox 298 1156 361 1195; x_wconf 89' lang='lat' dir='ltr'>ius</span> <span class='ocrx_word' id='word_1_114' title='bbox 392 1155 434 1194; x_wconf 90' lang='lat' dir='ltr'>in</span> <span class='ocrx_word' id='word_1_115' title='bbox 464 1158 519 1194; x_wconf 44' lang='lat' dir='ltr'>re*</span> <span class='ocrx_word' id='word_1_116' title='bbox 531 1155 665 1194; x_wconf 88' lang='lat' dir='ltr'>aliena</span> <span class='ocrx_word' id='word_1_117' title='bbox 685 1154 847 1194; x_wconf 89' lang='lat' dir='ltr'>nonnisi</span> <span class='ocrx_word' id='word_1_118' title='bbox 868 1156 996 1194; x_wconf 91' lang='lat' dir='ltr'>totum</span> <span class='ocrx_word' id='word_1_119' title='bbox 1018 1156 1209 1195; x_wconf 87' lang='lat' dir='ltr'>constitui</span> <span class='ocrx_word' id='word_1_120' title='bbox 1230 1157 1439 1208; x_wconf 88' lang='lat' dir='ltr'>totumque</span> <span class='ocrx_word' id='word_1_121' title='bbox 1460 1155 1587 1195; x_wconf 88' lang='lat' dir='ltr'>amitti</span> <span class='ocrx_word' id='word_1_122' title='bbox 1607 1167 1740 1209; x_wconf 83' lang='lat' dir='ltr'>posse.</span> 
     </span>
    </p>
   </div>
   <div class='ocr_carea' id='block_1_10' title="bbox 189 1218 1742 1277">
    <p class='ocr_par' dir='ltr' id='par_1_12' title="bbox 189 1218 1742 1277">
     <span class='ocr_line' id='line_1_19' title="bbox 189 1218 1742 1277; baseline -0.001 -13"><span class='ocrx_word' id='word_1_123' title='bbox 189 1225 297 1265; x_wconf 86' lang='lat' dir='ltr'>Num</span> <span class='ocrx_word' id='word_1_124' title='bbox 327 1225 449 1265; x_wconf 91' lang='lat' dir='ltr'>huius</span> <span class='ocrx_word' id='word_1_125' title='bbox 478 1225 538 1264; x_wconf 89' lang='lat' dir='ltr'>rei</span> <span class='ocrx_word' id='word_1_126' title='bbox 560 1237 684 1265; x_wconf 87' lang='lat' dir='ltr'>causa</span> <span class='ocrx_word' id='word_1_127' title='bbox 713 1237 738 1264; x_wconf 87' lang='lat' dir='ltr'>a</span> <span class='ocrx_word' id='word_1_128' title='bbox 757 1224 975 1276; x_wconf 88' lang='lat' dir='ltr'>Pomponis</span> <span class='ocrx_word' id='word_1_129' title='bbox 997 1225 1175 1276; x_wconf 88' lang='lat' dir='ltr'>allegata</span> <span class='ocrx_word' id='word_1_130' title='bbox 1187 1224 1231 1273; x_wconf 80' lang='lat'>3),</span> <span class='ocrx_word' id='word_1_131' title='bbox 1263 1226 1358 1277; x_wconf 83' lang='lat' dir='ltr'>quia</span> <span class='ocrx_word' id='word_1_132' title='bbox 1378 1226 1622 1268; x_wconf 82' lang='lat' dir='ltr'>servitutum</span> <span class='ocrx_word' id='word_1_133' title='bbox 1641 1218 1742 1264; x_wconf 77' lang='lat' dir='ltr'>usus</span> 
     </span>
    </p>
   </div>
   <div class='ocr_carea' id='block_1_11' title="bbox 189 1284 1918 1348">
    <p class='ocr_par' dir='ltr' id='par_1_13' title="bbox 189 1284 1918 1348">
     <span class='ocr_line' id='line_1_20' title="bbox 189 1284 1918 1348; baseline -0.023 -15"><span class='ocrx_word' id='word_1_134' title='bbox 189 1295 247 1333; x_wconf 87' lang='lat' dir='ltr'>ita</span> <span class='ocrx_word' id='word_1_135' title='bbox 261 1303 487 1333; x_wconf 82' lang='lat' dir='ltr'>&#39;connexus</span> <span class='ocrx_word' id='word_1_136' title='bbox 518 1294 589 1341; x_wconf 90' lang='lat' dir='ltr'>sit,</span> <span class='ocrx_word' id='word_1_137' title='bbox 628 1296 673 1333; x_wconf 93' lang='lat' dir='ltr'>ut</span> <span class='ocrx_word' id='word_1_138' title='bbox 712 1294 782 1345; x_wconf 91' lang='lat' dir='ltr'>qui</span> <span class='ocrx_word' id='word_1_139' title='bbox 813 1307 904 1332; x_wconf 91' lang='lat' dir='ltr'>eum</span> <span class='ocrx_word' id='word_1_140' title='bbox 941 1293 1139 1346; x_wconf 85' lang='lat' dir='ltr'>partiatur</span> <span class='ocrx_word' id='word_1_141' title='bbox 1164 1297 1353 1334; x_wconf 84' lang='lat' dir='ltr'>naturam</span> <span class='ocrx_word' id='word_1_142' title='bbox 1384 1295 1472 1334; x_wconf 90' lang='lat' dir='ltr'>eius</span> <span class='ocrx_word' id='word_1_143' title='bbox 1502 1287 1744 1348; x_wconf 51' lang='grc' dir='ltr'>(1011111111)ειιίῆ</span> <span class='ocrx_word' id='word_1_144' title='bbox 1770 1284 1781 1297; x_wconf 58' lang='lat'>2</span> <span class='ocrx_word' id='word_1_145' title='bbox 1817 1288 1825 1294; x_wconf 84' lang='lat'>.</span> <span class='ocrx_word' id='word_1_146' title='bbox 1907 1296 1918 1331; x_wconf 73' lang='lat'>.&#39;</span> 
     </span>
    </p>
   </div>
   <div class='ocr_carea' id='block_1_12' title="bbox 190 1364 1741 1487">
    <p class='ocr_par' dir='ltr' id='par_1_14' title="bbox 190 1364 1741 1487">
     <span class='ocr_line' id='line_1_21' title="bbox 190 1364 1741 1420; baseline 0 -15"><span class='ocrx_word' id='word_1_147' title='bbox 190 1378 291 1405; x_wconf 87' lang='lat' dir='ltr'>vera</span> <span class='ocrx_word' id='word_1_148' title='bbox 312 1364 377 1414; x_wconf 87' lang='lat' dir='ltr'>sit,</span> <span class='ocrx_word' id='word_1_149' title='bbox 393 1364 512 1404; x_wconf 89' lang='lat' dir='ltr'>nobis</span> <span class='ocrx_word' id='word_1_150' title='bbox 523 1364 807 1418; x_wconf 88' lang='lat' dir='ltr'>persequenda</span> <span class='ocrx_word' id='word_1_151' title='bbox 827 1376 909 1420; x_wconf 79' lang='grc' dir='ltr'>11οη</span> <span class='ocrx_word' id='word_1_152' title='bbox 930 1365 1009 1412; x_wconf 89' lang='lat' dir='ltr'>est;</span> <span class='ocrx_word' id='word_1_153' title='bbox 1040 1364 1112 1404; x_wconf 92' lang='lat' dir='ltr'>sed</span> <span class='ocrx_word' id='word_1_154' title='bbox 1132 1366 1289 1404; x_wconf 89' lang='lat' dir='ltr'>tantum</span> <span class='ocrx_word' id='word_1_155' title='bbox 1309 1364 1508 1417; x_wconf 88' lang='lat' dir='ltr'>quomodo</span> <span class='ocrx_word' id='word_1_156' title='bbox 1530 1364 1572 1405; x_wconf 89' lang='lat' dir='ltr'>in</span> <span class='ocrx_word' id='word_1_157' title='bbox 1593 1372 1741 1416; x_wconf 54' lang='lat' dir='ltr'>aquae*</span> 
     </span>
     <span class='ocr_line' id='line_1_22' title="bbox 190 1433 1740 1487; baseline -0.001 -12"><span class='ocrx_word' id='word_1_158' title='bbox 190 1435 315 1475; x_wconf 92' lang='lat' dir='ltr'>ductu</span> <span class='ocrx_word' id='word_1_159' title='bbox 334 1434 482 1487; x_wconf 86' lang='lat' dir='ltr'>regula</span> <span class='ocrx_word' id='word_1_160' title='bbox 503 1433 773 1483; x_wconf 86' lang='lat' dir='ltr'>confirmetur,</span> <span class='ocrx_word' id='word_1_161' title='bbox 805 1433 1046 1486; x_wconf 82' lang='lat' dir='ltr'>singillatim</span> <span class='ocrx_word' id='word_1_162' title='bbox 1078 1434 1372 1483; x_wconf 85' lang='lat' dir='ltr'>demonstrare,</span> <span class='ocrx_word' id='word_1_163' title='bbox 1402 1433 1503 1474; x_wconf 85' lang='lat' dir='ltr'>satis</span> <span class='ocrx_word' id='word_1_164' title='bbox 1533 1434 1740 1474; x_wconf 84' lang='lat' dir='ltr'>habemus.</span> 
     </span>
    </p>
   </div>
   <div class='ocr_carea' id='block_1_13' title="bbox 192 1509 1741 1650">
    <p class='ocr_par' dir='ltr' id='par_1_15' title="bbox 192 1509 1741 1650">
     <span class='ocr_line' id='line_1_23' title="bbox 309 1509 1741 1580; baseline 0 -16"><span class='ocrx_word' id='word_1_165' title='bbox 309 1528 338 1565; x_wconf 93' lang='lat' dir='ltr'>I.</span> <span class='ocrx_word' id='word_1_166' title='bbox 400 1526 629 1565; x_wconf 85' lang='lat' dir='ltr'>Servitutes</span> <span class='ocrx_word' id='word_1_167' title='bbox 658 1539 739 1565; x_wconf 92' lang='lat' dir='ltr'>non</span> <span class='ocrx_word' id='word_1_168' title='bbox 767 1539 840 1578; x_wconf 91' lang='lat' dir='ltr'>per</span> <span class='ocrx_word' id='word_1_169' title='bbox 868 1529 1005 1579; x_wconf 87' lang='lat' dir='ltr'>partes</span> <span class='ocrx_word' id='word_1_170' title='bbox 1036 1528 1189 1578; x_wconf 86' lang='lat' dir='ltr'>acquiri</span> <span class='ocrx_word' id='word_1_171' title='bbox 1221 1540 1340 1579; x_wconf 89' lang='lat' dir='ltr'>posse</span> <span class='ocrx_word' id='word_1_172' title='bbox 1354 1527 1384 1577; x_wconf 78' lang='lat'>4)</span> <span class='ocrx_word' id='word_1_173' title='bbox 1418 1527 1459 1565; x_wconf 92' lang='lat' dir='ltr'>in</span> <span class='ocrx_word' id='word_1_174' title='bbox 1487 1509 1741 1580; x_wconf 80' lang='lat' dir='ltr'>aquaeductu</span> 
     </span>
     <span class='ocr_line' id='line_1_24' title="bbox 192 1596 558 1650; baseline -0.008 -12"><span class='ocrx_word' id='word_1_175' title='bbox 192 1610 247 1638; x_wconf 85' lang='lat' dir='ltr'>ex</span> <span class='ocrx_word' id='word_1_176' title='bbox 275 1596 339 1636; x_wconf 89' lang='lat' dir='ltr'>his</span> <span class='ocrx_word' id='word_1_177' title='bbox 369 1598 558 1650; x_wconf 89' lang='lat' dir='ltr'>apparat:</span> 
     </span>
    </p>
   </div>
   <div class='ocr_carea' id='block_1_14' title="bbox 195 1689 1742 1744">
    <p class='ocr_par' dir='ltr' id='par_1_16' title="bbox 195 1689 1742 1744">
     <span class='ocr_line' id='line_1_25' title="bbox 195 1689 1742 1744; baseline -0.001 -14"><span class='ocrx_word' id='word_1_178' title='bbox 195 1692 203 1704; x_wconf 51' lang='lat' dir='ltr'><em>s</em></span> <span class='ocrx_word' id='word_1_179' title='bbox 241 1702 275 1730; x_wconf 88' lang='lat' dir='ltr'>a.</span> <span class='ocrx_word' id='word_1_180' title='bbox 308 1689 351 1730; x_wconf 84' lang='lat' dir='ltr'>Si</span> <span class='ocrx_word' id='word_1_181' title='bbox 382 1690 475 1742; x_wconf 90' lang='lat' dir='ltr'>quis</span> <span class='ocrx_word' id='word_1_182' title='bbox 506 1689 570 1729; x_wconf 89' lang='lat' dir='ltr'>ius</span> <span class='ocrx_word' id='word_1_183' title='bbox 600 1701 729 1742; x_wconf 88' lang='lat' dir='ltr'>aquae</span> <span class='ocrx_word' id='word_1_184' title='bbox 762 1690 959 1730; x_wconf 86' lang='lat' dir='ltr'>astivae</span> <span class='ocrx_word' id='word_1_185' title='bbox 991 1689 1254 1742; x_wconf 86' lang='lat' dir='ltr'>acquisiverit</span> <span class='ocrx_word' id='word_1_186' title='bbox 1282 1691 1505 1744; x_wconf 88' lang='lat' dir='ltr'>posteaque</span> <span class='ocrx_word' id='word_1_187' title='bbox 1526 1689 1590 1729; x_wconf 85' lang='lat' dir='ltr'>ius</span> <span class='ocrx_word' id='word_1_188' title='bbox 1610 1700 1742 1742; x_wconf 88' lang='lat' dir='ltr'>aquae</span> 
     </span>
    </p>
   </div>
   <div class='ocr_carea' id='block_1_15' title="bbox 341 1755 1876 1815">
    <p class='ocr_par' dir='ltr' id='par_1_17' title="bbox 341 1755 1876 1815">
     <span class='ocr_line' id='line_1_26' title="bbox 341 1755 1876 1815; baseline 0 -17"><span class='ocrx_word' id='word_1_189' title='bbox 341 1760 607 1815; x_wconf 78' lang='lat' dir='ltr'>hibernae,</span> <span class='ocrx_word' id='word_1_190' title='bbox 640 1783 695 1788; x_wconf 95' lang='lat'>—</span> <span class='ocrx_word' id='word_1_191' title='bbox 726 1760 827 1799; x_wconf 85' lang='lat' dir='ltr'>haec</span> <span class='ocrx_word' id='word_1_192' title='bbox 857 1760 974 1799; x_wconf 86' lang='lat' dir='ltr'>ambo</span> <span class='ocrx_word' id='word_1_193' title='bbox 1004 1772 1085 1799; x_wconf 93' lang='lat' dir='ltr'>non</span> <span class='ocrx_word' id='word_1_194' title='bbox 1116 1762 1210 1798; x_wconf 89' lang='lat' dir='ltr'>sunt</span> <span class='ocrx_word' id='word_1_195' title='bbox 1231 1772 1354 1799; x_wconf 90' lang='lat' dir='ltr'>unum</span> <span class='ocrx_word' id='word_1_196' title='bbox 1375 1761 1440 1800; x_wconf 90' lang='lat' dir='ltr'>ius</span> <span class='ocrx_word' id='word_1_197' title='bbox 1462 1772 1593 1812; x_wconf 87' lang='lat' dir='ltr'>aquae</span> <span class='ocrx_word' id='word_1_198' title='bbox 1613 1758 1761 1814; x_wconf 79' lang='lat' dir='ltr'>quoti·¹</span> <span class='ocrx_word' id='word_1_199' title='bbox 1803 1764 1805 1767; x_wconf 76' lang='grc'><strong>’</strong></span> <span class='ocrx_word' id='word_1_200' title='bbox 1874 1755 1876 1757; x_wconf 55' lang='grc'><strong>’</strong></span> 
     </span>
    </p>
   </div>
   <div class='ocr_carea' id='block_1_16' title="bbox 240 1816 1820 2232">
    <p class='ocr_par' dir='ltr' id='par_1_18' title="bbox 240 1816 1820 2232">
     <span class='ocr_line' id='line_1_27' title="bbox 339 1816 1741 1879; baseline 0.003 -11"><span class='ocrx_word' id='word_1_201' title='bbox 339 1829 496 1878; x_wconf 91' lang='lat' dir='ltr'>dianae,</span> <span class='ocrx_word' id='word_1_202' title='bbox 528 1829 600 1868; x_wconf 90' lang='lat' dir='ltr'>sed</span> <span class='ocrx_word' id='word_1_203' title='bbox 630 1829 735 1869; x_wconf 88' lang='lat' dir='ltr'>duae</span> <span class='ocrx_word' id='word_1_204' title='bbox 765 1829 986 1869; x_wconf 84' lang='lat' dir='ltr'>servitutes</span> <span class='ocrx_word' id='word_1_205' title='bbox 1000 1827 1042 1879; x_wconf 86' lang='lat'>5).</span> <span class='ocrx_word' id='word_1_206' title='bbox 1103 1816 1261 1868; x_wconf 79' lang='lat' dir='ltr'>Similia</span> <span class='ocrx_word' id='word_1_207' title='bbox 1297 1829 1339 1868; x_wconf 91' lang='lat' dir='ltr'>in</span> <span class='ocrx_word' id='word_1_208' title='bbox 1376 1829 1494 1869; x_wconf 91' lang='lat' dir='ltr'>modo</span> <span class='ocrx_word' id='word_1_209' title='bbox 1525 1839 1741 1872; x_wconf 75' lang='lat' dir='ltr'>mensurae</span> 
     </span>
     <span class='ocr_line' id='line_1_28' title="bbox 338 1899 986 1951; baseline 0.003 -13"><span class='ocrx_word' id='word_1_210' title='bbox 338 1912 500 1950; x_wconf 91' lang='lat' dir='ltr'>quoque</span> <span class='ocrx_word' id='word_1_211' title='bbox 529 1899 619 1939; x_wconf 88' lang='lat' dir='ltr'>fieri</span> <span class='ocrx_word' id='word_1_212' title='bbox 650 1902 758 1938; x_wconf 87' lang='lat' dir='ltr'>certe</span> <span class='ocrx_word' id='word_1_213' title='bbox 787 1902 986 1951; x_wconf 85' lang='lat' dir='ltr'>poterant.</span> 
     </span>
     <span class='ocr_line' id='line_1_29' title="bbox 240 1967 1744 2022; baseline -0.001 -13"><span class='ocrx_word' id='word_1_214' title='bbox 240 1970 277 2009; x_wconf 89' lang='lat' dir='ltr'>b.</span> <span class='ocrx_word' id='word_1_215' title='bbox 309 1967 553 2022; x_wconf 87' lang='lat' dir='ltr'>Usurpando</span> <span class='ocrx_word' id='word_1_216' title='bbox 585 1968 801 2022; x_wconf 89' lang='lat' dir='ltr'>quisquam</span> <span class='ocrx_word' id='word_1_217' title='bbox 831 1970 960 2008; x_wconf 90' lang='lat' dir='ltr'>totum</span> <span class='ocrx_word' id='word_1_218' title='bbox 997 1968 1292 2021; x_wconf 85' lang='lat' dir='ltr'>aquaeductum</span> <span class='ocrx_word' id='word_1_219' title='bbox 1323 1968 1513 2021; x_wconf 88' lang='lat' dir='ltr'>acquirit,</span> <span class='ocrx_word' id='word_1_220' title='bbox 1558 1967 1744 2021; x_wconf 86' lang='lat' dir='ltr'>quamvis</span> 
     </span>
     <span class='ocr_line' id='line_1_30' title="bbox 338 2038 1820 2092; baseline -0.002 -15"><span class='ocrx_word' id='word_1_221' title='bbox 338 2051 422 2078; x_wconf 88' lang='lat' dir='ltr'>una</span> <span class='ocrx_word' id='word_1_222' title='bbox 450 2040 607 2078; x_wconf 89' lang='lat' dir='ltr'>tantum</span> <span class='ocrx_word' id='word_1_223' title='bbox 636 2040 757 2092; x_wconf 81' lang='lat' dir='ltr'>parte</span> <span class='ocrx_word' id='word_1_224' title='bbox 784 2052 881 2078; x_wconf 90' lang='lat' dir='ltr'>usus</span> <span class='ocrx_word' id='word_1_225' title='bbox 914 2039 967 2077; x_wconf 90' lang='lat' dir='ltr'>sit</span> <span class='ocrx_word' id='word_1_226' title='bbox 978 2038 1019 2087; x_wconf 76' lang='lat'>⁶).</span> <span class='ocrx_word' id='word_1_227' title='bbox 1818 2089 1820 2092; x_wconf 61' lang='lat'>.</span> 
     </span>
     <span class='ocr_line' id='line_1_31' title="bbox 251 2107 1787 2167; baseline 0 -18"><span class='ocrx_word' id='word_1_228' title='bbox 251 2122 284 2152; x_wconf 90' lang='lat' dir='ltr'>c.</span> <span class='ocrx_word' id='word_1_229' title='bbox 317 2107 608 2161; x_wconf 86' lang='lat' dir='ltr'>Aquaeductus</span> <span class='ocrx_word' id='word_1_230' title='bbox 667 2120 762 2162; x_wconf 86' lang='lat' dir='ltr'>pars</span> <span class='ocrx_word' id='word_1_231' title='bbox 825 2121 877 2147; x_wconf 88' lang='lat' dir='ltr'>ne</span> <span class='ocrx_word' id='word_1_232' title='bbox 941 2107 984 2147; x_wconf 90' lang='lat' dir='ltr'>in</span> <span class='ocrx_word' id='word_1_233' title='bbox 1016 2107 1339 2161; x_wconf 38' lang='lat' dir='ltr'>*obligationem</span> <span class='ocrx_word' id='word_1_234' title='bbox 1388 2107 1551 2162; x_wconf 87' lang='lat' dir='ltr'>quidem</span> <span class='ocrx_word' id='word_1_235' title='bbox 1598 2107 1744 2149; x_wconf 84' lang='lat' dir='ltr'>deduci</span> <span class='ocrx_word' id='word_1_236' title='bbox 1778 2164 1787 2167; x_wconf 22' lang='grc' dir='ltr'><em>ἒ</em></span> 
     </span>
     <span class='ocr_line' id='line_1_32' title="bbox 337 2176 529 2232; baseline -0.01 -14"><span class='ocrx_word' id='word_1_237' title='bbox 337 2182 474 2232; x_wconf 84' lang='lat' dir='ltr'>potest</span> <span class='ocrx_word' id='word_1_238' title='bbox 487 2176 529 2228; x_wconf 88' lang='lat'>⁷).</span> 
     </span>
    </p>
   </div>
   <div class='ocr_carea' id='block_1_17' title="bbox 189 2385 1742 2838">
    <p class='ocr_par' dir='ltr' id='par_1_19' title="bbox 311 2385 781 2434">
     <span class='ocr_line' id='line_1_33' title="bbox 311 2385 781 2434; baseline -0.002 -14"><span class='ocrx_word' id='word_1_239' title='bbox 311 2385 348 2434; x_wconf 93' lang='lat'>1)</span> <span class='ocrx_word' id='word_1_240' title='bbox 373 2387 409 2421; x_wconf 86' lang='lat' dir='ltr'>L.</span> <span class='ocrx_word' id='word_1_241' title='bbox 434 2387 493 2422; x_wconf 86' lang='lat'>33.</span> <span class='ocrx_word' id='word_1_242' title='bbox 519 2388 549 2430; x_wconf 80' lang='lat'>5.</span> <span class='ocrx_word' id='word_1_243' title='bbox 569 2387 599 2419; x_wconf 87' lang='lat'>1.</span> <span class='ocrx_word' id='word_1_244' title='bbox 625 2385 665 2419; x_wconf 93' lang='lat' dir='ltr'>D.</span> <span class='ocrx_word' id='word_1_245' title='bbox 691 2387 781 2428; x_wconf 64' lang='grc'>8,.3.</span> 
     </span>
    </p>

    <p class='ocr_par' dir='ltr' id='par_1_20' title="bbox 308 2445 638 2490">
     <span class='ocr_line' id='line_1_34' title="bbox 308 2445 638 2490; baseline -0.006 -11"><span class='ocrx_word' id='word_1_246' title='bbox 308 2445 344 2490; x_wconf 83' lang='grc'>2)</span> <span class='ocrx_word' id='word_1_247' title='bbox 369 2446 419 2479; x_wconf 85' lang='lat' dir='ltr'>Of.</span> <span class='ocrx_word' id='word_1_248' title='bbox 443 2445 536 2478; x_wconf 85' lang='lat' dir='ltr'>Diss.</span> <span class='ocrx_word' id='word_1_249' title='bbox 561 2447 589 2487; x_wconf 79' lang='lat'>5.</span> <span class='ocrx_word' id='word_1_250' title='bbox 606 2447 638 2477; x_wconf 87' lang='lat'>9.</span> 
     </span>
    </p>

    <p class='ocr_par' dir='ltr' id='par_1_21' title="bbox 309 2502 1476 2548">
     <span class='ocr_line' id='line_1_35' title="bbox 309 2502 1476 2548; baseline -0.001 -12"><span class='ocrx_word' id='word_1_251' title='bbox 309 2503 344 2547; x_wconf 88' lang='lat'>3)</span> <span class='ocrx_word' id='word_1_252' title='bbox 371 2503 471 2548; x_wconf 89' lang='lat' dir='ltr'>Corp.</span> <span class='ocrx_word' id='word_1_253' title='bbox 497 2504 561 2537; x_wconf 88' lang='lat' dir='ltr'>iur.</span> <span class='ocrx_word' id='word_1_254' title='bbox 588 2503 746 2537; x_wconf 85' lang='lat' dir='ltr'>anteiust.</span> <span class='ocrx_word' id='word_1_255' title='bbox 775 2502 851 2536; x_wconf 85' lang='lat' dir='ltr'>edit.</span> <span class='ocrx_word' id='word_1_256' title='bbox 878 2503 1001 2546; x_wconf 88' lang='lat' dir='ltr'>prima.</span> <span class='ocrx_word' id='word_1_257' title='bbox 1025 2514 1059 2547; x_wconf 90' lang='lat' dir='ltr'>p.</span> <span class='ocrx_word' id='word_1_258' title='bbox 1081 2504 1146 2537; x_wconf 82' lang='lat'>169</span> <span class='ocrx_word' id='word_1_259' title='bbox 1193 2503 1233 2536; x_wconf 89' lang='lat' dir='ltr'>L.</span> <span class='ocrx_word' id='word_1_260' title='bbox 1255 2504 1307 2536; x_wconf 84' lang='lat'>17.</span> <span class='ocrx_word' id='word_1_261' title='bbox 1334 2502 1376 2536; x_wconf 91' lang='lat' dir='ltr'>D.</span> <span class='ocrx_word' id='word_1_262' title='bbox 1395 2504 1428 2544; x_wconf 91' lang='lat'>8,</span> <span class='ocrx_word' id='word_1_263' title='bbox 1449 2503 1476 2535; x_wconf 86' lang='lat'>1.</span> 
     </span>
    </p>

    <p class='ocr_par' dir='ltr' id='par_1_22' title="bbox 189 2562 1742 2660">
     <span class='ocr_line' id='line_1_36' title="bbox 309 2562 1742 2606; baseline -0.001 -11"><span class='ocrx_word' id='word_1_264' title='bbox 309 2563 344 2606; x_wconf 83' lang='lat'>4)</span> <span class='ocrx_word' id='word_1_265' title='bbox 369 2564 407 2595; x_wconf 99' lang='lat' dir='ltr'>L.</span> <span class='ocrx_word' id='word_1_266' title='bbox 434 2564 465 2595; x_wconf 89' lang='lat'>8.</span> <span class='ocrx_word' id='word_1_267' title='bbox 496 2564 524 2604; x_wconf 59' lang='grc' dir='ltr'>ξ.</span> <span class='ocrx_word' id='word_1_268' title='bbox 551 2565 576 2595; x_wconf 86' lang='lat'>1.</span> <span class='ocrx_word' id='word_1_269' title='bbox 616 2563 652 2594; x_wconf 93' lang='lat' dir='ltr'>L.</span> <span class='ocrx_word' id='word_1_270' title='bbox 683 2564 736 2595; x_wconf 83' lang='grc'>11.</span> <span class='ocrx_word' id='word_1_271' title='bbox 763 2573 813 2605; x_wconf 84' lang='lat' dir='ltr'>pr.</span> <span class='ocrx_word' id='word_1_272' title='bbox 839 2562 879 2594; x_wconf 89' lang='lat' dir='ltr'>D.</span> <span class='ocrx_word' id='word_1_273' title='bbox 907 2564 940 2602; x_wconf 88' lang='lat'>8,</span> <span class='ocrx_word' id='word_1_274' title='bbox 968 2565 997 2595; x_wconf 92' lang='lat'>1.</span> <span class='ocrx_word' id='word_1_275' title='bbox 1047 2564 1084 2595; x_wconf 87' lang='lat' dir='ltr'>L.</span> <span class='ocrx_word' id='word_1_276' title='bbox 1112 2563 1168 2595; x_wconf 90' lang='lat'>30.</span> <span class='ocrx_word' id='word_1_277' title='bbox 1200 2564 1228 2603; x_wconf 66' lang='lat' dir='ltr'>g,</span> <span class='ocrx_word' id='word_1_278' title='bbox 1259 2565 1285 2594; x_wconf 85' lang='lat'>1.</span> <span class='ocrx_word' id='word_1_279' title='bbox 1329 2562 1370 2594; x_wconf 94' lang='lat' dir='ltr'>D.</span> <span class='ocrx_word' id='word_1_280' title='bbox 1389 2563 1423 2602; x_wconf 88' lang='lat'>8,</span> <span class='ocrx_word' id='word_1_281' title='bbox 1439 2562 1471 2593; x_wconf 86' lang='lat'>2.</span> <span class='ocrx_word' id='word_1_282' title='bbox 1512 2562 1548 2593; x_wconf 91' lang='lat' dir='ltr'>L.</span> <span class='ocrx_word' id='word_1_283' title='bbox 1569 2562 1623 2595; x_wconf 78' lang='lat'>49.</span> <span class='ocrx_word' id='word_1_284' title='bbox 1654 2562 1683 2602; x_wconf 70' lang='lat'>§—</span> <span class='ocrx_word' id='word_1_285' title='bbox 1713 2564 1742 2594; x_wconf 84' lang='lat'>1.</span> 
     </span>
     <span class='ocr_line' id='line_1_37' title="bbox 189 2621 369 2660; baseline -0.011 -7"><span class='ocrx_word' id='word_1_286' title='bbox 189 2621 231 2654; x_wconf 93' lang='lat' dir='ltr'>D.</span> <span class='ocrx_word' id='word_1_287' title='bbox 257 2622 313 2660; x_wconf 83' lang='lat'>35,</span> <span class='ocrx_word' id='word_1_288' title='bbox 338 2622 369 2652; x_wconf 81' lang='lat'>2.</span> 
     </span>
    </p>

    <p class='ocr_par' dir='ltr' id='par_1_23' title="bbox 309 2678 1055 2722">
     <span class='ocr_line' id='line_1_38' title="bbox 309 2678 1055 2722; baseline 0 -11"><span class='ocrx_word' id='word_1_289' title='bbox 309 2678 346 2722; x_wconf 86' lang='lat'>5)</span> <span class='ocrx_word' id='word_1_290' title='bbox 370 2678 409 2712; x_wconf 91' lang='lat' dir='ltr'>L.</span> <span class='ocrx_word' id='word_1_291' title='bbox 429 2680 459 2711; x_wconf 84' lang='lat'>7.</span> <span class='ocrx_word' id='word_1_292' title='bbox 483 2678 524 2711; x_wconf 90' lang='lat' dir='ltr'>D.</span> <span class='ocrx_word' id='word_1_293' title='bbox 543 2680 576 2720; x_wconf 86' lang='lat'>8,</span> <span class='ocrx_word' id='word_1_294' title='bbox 602 2679 632 2711; x_wconf 85' lang='lat'>6.</span> <span class='ocrx_word' id='word_1_295' title='bbox 668 2678 707 2711; x_wconf 86' lang='lat' dir='ltr'>L.</span> <span class='ocrx_word' id='word_1_296' title='bbox 731 2679 779 2711; x_wconf 82' lang='lat'>17.</span> <span class='ocrx_word' id='word_1_297' title='bbox 805 2689 856 2722; x_wconf 82' lang='lat' dir='ltr'>pr.</span> <span class='ocrx_word' id='word_1_298' title='bbox 885 2680 925 2711; x_wconf 86' lang='grc' dir='ltr'>ι).</span> <span class='ocrx_word' id='word_1_299' title='bbox 944 2679 1000 2720; x_wconf 83' lang='lat'>39,</span> <span class='ocrx_word' id='word_1_300' title='bbox 1025 2679 1055 2711; x_wconf 88' lang='lat'>3.</span> 
     </span>
    </p>

    <p class='ocr_par' dir='ltr' id='par_1_24' title="bbox 308 2737 628 2780">
     <span class='ocr_line' id='line_1_39' title="bbox 308 2737 628 2780; baseline -0.003 -10"><span class='ocrx_word' id='word_1_301' title='bbox 308 2737 345 2780; x_wconf 81' lang='lat'>6)</span> <span class='ocrx_word' id='word_1_302' title='bbox 368 2737 407 2770; x_wconf 89' lang='lat' dir='ltr'>L.</span> <span class='ocrx_word' id='word_1_303' title='bbox 426 2739 458 2771; x_wconf 86' lang='lat'>9.</span> <span class='ocrx_word' id='word_1_304' title='bbox 486 2738 527 2769; x_wconf 88' lang='lat' dir='ltr'>D.</span> <span class='ocrx_word' id='word_1_305' title='bbox 546 2738 579 2778; x_wconf 87' lang='lat'>8,</span> <span class='ocrx_word' id='word_1_306' title='bbox 597 2739 628 2770; x_wconf 84' lang='lat'>6.</span> 
     </span>
    </p>

    <p class='ocr_par' dir='ltr' id='par_1_25' title="bbox 311 2793 960 2838">
     <span class='ocr_line' id='line_1_40' title="bbox 311 2793 960 2838; baseline -0.002 -11"><span class='ocrx_word' id='word_1_307' title='bbox 311 2794 345 2838; x_wconf 89' lang='grc'>7)</span> <span class='ocrx_word' id='word_1_308' title='bbox 370 2795 408 2827; x_wconf 88' lang='lat' dir='ltr'>L.</span> <span class='ocrx_word' id='word_1_309' title='bbox 432 2795 482 2827; x_wconf 87' lang='grc'>17.</span> <span class='ocrx_word' id='word_1_310' title='bbox 510 2793 551 2827; x_wconf 92' lang='lat' dir='ltr'>D.</span> <span class='ocrx_word' id='word_1_311' title='bbox 571 2797 602 2835; x_wconf 89' lang='lat'>8,</span> <span class='ocrx_word' id='word_1_312' title='bbox 626 2798 651 2827; x_wconf 89' lang='lat' dir='ltr'>l.</span> <span class='ocrx_word' id='word_1_313' title='bbox 680 2794 718 2826; x_wconf 92' lang='lat' dir='ltr'>L.</span> <span class='ocrx_word' id='word_1_314' title='bbox 737 2795 767 2827; x_wconf 82' lang='lat'>2.</span> <span class='ocrx_word' id='word_1_315' title='bbox 796 2794 836 2826; x_wconf 92' lang='lat' dir='ltr'>D.</span> <span class='ocrx_word' id='word_1_316' title='bbox 855 2794 911 2835; x_wconf 87' lang='lat'>33,</span> <span class='ocrx_word' id='word_1_317' title='bbox 931 2796 960 2826; x_wconf 86' lang='lat'>3.</span> 
     </span>
    </p>
   </div>
   <div class='ocr_carea' id='block_1_18' title="bbox 1780 681 1961 3007">
    <p class='ocr_par' dir='ltr' id='par_1_26' title="bbox 1780 681 1961 3007">
     <span class='ocr_line' id='line_1_41' title="bbox 1780 681 1961 3007; baseline 0 0"><span class='ocrx_word' id='word_1_318' title='bbox 1780 681 1961 3007; x_wconf 95' lang='lat' dir='ltr'> </span> 
     </span>
    </p>
   </div>
  </div>
 </body>
</html>
