1961 3007
230 585 430 625 dederunt
448 582 652 623 Labeonis
682 585 823 624 verbis
854 585 911 624 ita
932 585 1197 637 explicandis,
1229 586 1281 629 ut
1294 575 1428 637 neque
1448 597 1538 625 cum
1559 574 1710 639 Pomp
1801 634 1805 637 ⁵

230 653 431 695 sententia
462 666 595 705 neque
627 666 718 693 cum
748 654 807 693 rei
837 655 982 694 natura
1011 654 1304 708 discreparent,
1345 655 1397 694 ad
1426 647 1594 706 exitum,
1626 654 1667 692 in
1695 662 1829 715 quo
1862 633 1912 688 ξ’

230 737 370 764 omnes
401 722 675 774 acquiescant,
707 724 886 762 nondum
915 728 1201 777 pervenerunt.

350 803 589 845 Thibaltz'us
602 802 633 855 ⁷)
678 817 769 844 cum
808 819 936 857 eoque
974 806 1091 844 multi
1107 805 1137 855 8)
1177 805 1418 845 sententiam
1459 803 1665 846 Labeonis
1699 804 1780 856 nisi
1871 796 1930 862 '455²‘
1952 831 1961 847 2

228 876 270 914 in
302 874 616 913 alienationibus
647 886 730 913 non
760 887 854 912 esse
885 873 1106 913 adhibitam
1137 873 1432 923 iudicaverunt,
1462 873 1504 913 id
1525 873 1631 925 quod
1652 872 1781 917 inhis
1841 881 1844 909 “.
1887 879 1890 881 ’

231 957 313 983 non
343 942 560 982 admodum
582 942 636 981 sit
656 942 813 992 mirum,
846 956 970 994 quum
991 943 1209 983 servitutes
1231 942 1331 982 nihil
1353 942 1464 982 aliud
1485 955 1607 994 quam
1629 941 1780 987 domini
1846 995 1849 997 q
1882 940 1959 998 zllss.

229 1013 310 1052 sint
340 1015 490 1065 partes,
522 1024 627 1063 quae
648 1012 691 1050 in
711 1012 906 1051 tradendo
927 1011 1088 1063 possint
1108 1011 1291 1060 retineri3
1323 1011 1388 1051 ius
1411 1011 1516 1051 enim
1539 1011 1787 1064 acquisitum*

226 1082 318 1122 tolli
349 1094 374 1121 a
404 1080 569 1121 civitate
600 1093 682 1120 non
712 1094 852 1134 posse;
896 1094 1054 1121 omnem
1094 1081 1298 1121 hominem
1337 1094 1404 1121 res
1435 1081 1598 1134 quidem
1629 1081 1780 1140 habere
1800 1064 1809 1075 x

226 1152 306 1206 ipsi
338 1151 525 1200 inutiles,
557 1151 630 1190 sed
661 1164 715 1190 ex
745 1151 794 1190 iis
826 1164 907 1190 non
946 1164 1068 1204 posse
1106 1151 1326 1190 exturbari.
1396 1150 1518 1197 Quod
1560 1151 1687 1203 igitur
1727 1151 1794 1202 de·
1823 1151 1835 1197 ’,
1884 1160 1897 1167 ·

229 1223 313 1262 toto
346 1221 495 1270 valeat,
528 1219 650 1259 etiam
682 1220 731 1259 de
761 1220 946 1273 partibus
978 1220 1004 1262 i.
1029 1233 1063 1260 e.
1096 1220 1145 1259 de
1185 1221 1382 1260 servitute
1412 1211 1552 1261 valere
1582 1222 1778 1275 oportere.

345 1302 566 1342 Elversius
581 1300 632 1352 9),
683 1302 752 1352 qui
782 1302 871 1353 ipse
900 1302 995 1340 huic
1027 1303 1251 1340 sententiae
1281 1302 1553 1354 adstipulatur
1583 1302 1657 1341 sed
1684 1301 1779 1342 sub-

227 1372 340 1412 tilem
369 1372 568 1411 rationem
598 1370 719 1409 huius
753 1370 856 1422 legis
887 1372 1063 1423 quaerit,
1107 1370 1313 1412 Labeonis
1348 1372 1588 1430 sententiam
1631 1371 1689 1411 ita
1716 1371 1777 1411 in-

226 1442 399 1492 tellegit,
447 1440 670 1479 servitutes
716 1441 942 1492 acquirenti
986 1441 1148 1493 quidem
1195 1440 1355 1481 domino
1408 1440 1593 1491 initules‚
1643 1442 1777 1481 tamen

225 1509 519 1565 posterioribus
551 1509 673 1549 utiles
704 1523 795 1549 esse
824 1523 962 1563 posse.

342 1591 433 1630 Etsi
454 1591 632 1643 profecto
654 1591 695 1629 in
717 1591 918 1630 servitute
938 1591 1044 1630 levis
1066 1604 1130 1630 res
1153 1593 1226 1640 est,
1248 1593 1382 1630 utrum
1401 1592 1447 1639 is,
1473 1590 1538 1630 cui
1567 1589 1775 1639 debeatur,

224 1673 371 1701 revera
401 1660 619 1700 utilitatem
648 1660 744 1700 inde
776 1660 907 1713 capiat
938 1674 1065 1700 necne
1079 1660 1128 1710 ¹⁰)
1162 1665 1203 1700 et
1233 1673 1476 1713 quamquam
1507 1659 1608 1700 nihil
1637 1661 1774 1709 refert,

225 1730 436 1770 servitutis
474 1730 744 1779 commodum,
782 1743 862 1782 quo
905 1730 1019 1769 fundi
1059 1730 1223 1769 habitus
1252 1730 1399 1770 melior
1428 1730 1637 1779 reddatur,
1683 1741 1776 1769 con-

223 1800 358 1840 festim
394 1812 447 1839 an
484 1802 627 1853 postea
664 1800 826 1840 demum
865 1799 1171 1853 praebeaturll)
1218 1802 1355 1839 tamen
1398 1813 1451 1839 ex
1489 1799 1628 1839 verbis
1669 1799 1775 1851 legis

223 1871 369 1910 citatae
399 1870 514 1909 nullo
546 1870 664 1909 modo
696 1870 973 1922 cognoscitur,
1012 1869 1239 1910 Labeonem
1279 1870 1354 1909 has
1388 1882 1454 1909 res
1489 1869 1774 1922 respicientem

222 1952 312 1979 eam
357 1940 599 1979 sententiam
644 1939 873 1992 protulisse.
956 1938 1039 1979 Sed
1078 1938 1426 1992 Boeokz‘nyz‘us12)
1468 1951 1630 1991 quoque
1665 1939 1775 1979 hunc

221 2010 356 2048 locum
398 2009 455 2048 ita
495 1998 658 2055 tractat,
703 2009 818 2060 quasi
850 2009 1071 2059 legendum
1101 2009 1170 2048 sit:
1214 2008 1296 2058 „Ei
1333 2009 1470 2057 fundo,
1518 2020 1638 2060 quem
1681 2007 1773 2060 quis

222 2078 393 2127 vendat,
426 2078 666 2117 servitutem
698 2078 870 2130 imponi,
914 2077 992 2117 etsi
1022 2079 1292 2131 praesenti
1323 2078 1518 2118 domino
1550 2090 1630 2117 non
1663 2076 1773 2117 utilis

222 2148 308 2188 sit“
338 2147 410 2187 rel.

338 2299 374 2341 7)
398 2298 545 2331 Givilist.
577 2298 748 2330 Abhandl.
781 2297 844 2330 111.
902 2298 1013 2330 Ueber
1044 2298 1103 2330 das
1135 2297 1434 2331 Zuriickbehalten
1464 2298 1632 2331 unniitzer
1667 2297 1774 2344 Realj

220 2358 418 2391 servituten.

336 2415 373 2459 8)
402 2415 612 2459 Gesterdinq‚
637 2414 969 2457 Nachforschungen
993 2414 1051 2448 IV.
1078 2426 1158 2456 pars
1182 2414 1207 2447 Ι.
1235 2425 1267 2456 p.
1286 2416 1340 2447 42.

337 2476 358 2506 9
398 2473 491 2506 Lo.
543 2474 727 2505 .139.s.

314 2474 374 2574 103
395 2531 434 2564 L.
460 2484 568 2572 4l.p§.
590 2533 619 2563 1.
645 2531 685 2562 D.
699 2484 744 2570 t17,
773 2532 810 2563 1:
837 2556 844 2562 .
871 2556 877 2562 .
905 2530 1015 2571 „licet
1034 2531 1179 2573 praedia
1196 2531 1360 2574 quaedam
1376 2531 1464 2564 talia
1489 2534 1581 2572 sunt,
1606 2534 1644 2564 ut
1659 2532 1770 2575 magis

204 2591 252 2624 in
278 2601 318 2623 ea
343 2589 593 2632 impendamus,
619 2598 720 2632 quam
747 2589 787 2622 de
812 2589 885 2622 illis
911 2589 1143 2632 adquiramus,
1168 2594 1281 2623 tamen
1305 2602 1386 2623 usus
1410 2590 1541 2624 fructus
1566 2601 1683 2623 eorum
1715 2601 1769 2623 re-

218 2649 331 2691 linqui
357 2650 501 2691 potestf‘

314 2706 372 2751 11)
396 2706 435 2739 L.
463 2707 519 2739 33.
552 2707 581 2747 ξ.
602 2708 630 2738 1.
663 2705 703 2738 D.
722 2707 754 2746 8,
787 2706 826 2739 2:
863 2706 995 2739 Futuro
1027 2717 1159 2749 quoque
1189 2707 1359 2746 aedificio,
1396 2707 1484 2751 quod
1516 2717 1585 2739 non
1610 2711 1676 2748 est,
1713 2706 1769 2739 vel

217 2765 352 2808 imponi
376 2764 431 2797 vel
456 2765 587 2807 acquiri
612 2764 757 2797 servitus
783 2766 930 2806 potest.‘
978 2765 1017 2797 L.
1038 2765 1090 2797 10.
1117 2764 1154 2796 D.
1174 2767 1205 2806 8,
1232 2766 1263 2798 3

316 2822 373 2868 12)
398 2822 507 2855 Pand.
533 2824 561 2865 ξ.
582 2823 648 2855 162
675 2834 707 2855 n.
734 2823 787 2855 53.
