1961 3007
1393 30 1397 33 ,
1401 19 1437 35 ’ἐκ

371 343 375 347 -
394 290 693 369 eemputatione
717 275 846 368 petita
872 317 971 355 ou'm
996 281 1242 370 temporibus
1267 287 1438 355 aestatis
1448 315 1510 354 xet
1540 281 1684 353 hiemis

70 380 120 415 ’Ψ
141 381 481 446 meni-aterum&
500 397 584 426 non
598 383 803 435 hominum
821 377 1118 439 computatione
1133 385 1294 426 statutis
1311 384 1553 437 cong-ruunt,
1566 394 1683 436 aqua,

137 454 227 517 qffl,
250 451 329 504 his
345 455 593 509 temporibus
622 456 779 494 tantum
806 450 866 495 uti
897 454 1081 508 expedit,
1123 456 1332 495 aestiva
1361 455 1430 495 vel
1466 453 1686 494 hiberna
1728 486 1737 493 .

76 518 78 520 ’
111 558 113 561 ,
142 529 320 580 vocam
364 524 591 572 Discrimen
612 524 720 564 inter
740 536 893 576 aquam
903 523 1175 577 quotidianam
1200 526 1242 564 et
1261 525 1459 565 aestivam
1479 523 1583 563 tanti
1601 535 1685 564 mo-

85 618 87 620 ·
141 588 274 670 menti
284 592 384 646 erat,
391 596 451 636 ut
470 597 631 648 praetor
646 595 857 646 utramque
868 593 1028 647 proprio
1041 594 1215 646 quodam
1229 594 1442 635 interdicto
1454 595 1647 634 tueretur.
1653 590 1685 644 ⁵)

258 663 508 707 Praeterea
496 676 540 703 ιιι
561 663 795 703 diurnam
818 664 858 703 et
876 665 1195 713 nocturnam,
1226 667 1425 717 quatenus
1446 664 1513 714 die
1530 665 1685 703 tantum

143 740 213 779 aut
240 737 396 788 tannim
426 736 546 773 nocte
574 732 749 783 ducitur,—
776 745 922 785 aquam
950 732 1124 772 Romani
1157 734 1403 774 discernunt.
1412 733 1441 785 6)

225 804 437 858 Tempus
467 802 519 842 ad
549 801 786 842 servitutem
818 803 1086 842 exercendam
1116 804 1374 842 constitutum
1407 805 1468 842 est
1498 804 1686 842 accurate

34 908 38 911 ,
74 913 77 915 ,
143 872 439 928 observandum
455 871 498 922 ⁷),
528 884 651 924 quum
682 872 717 910 si
747 870 794 921 is,
825 871 889 911 cui
919 872 983 911 ius
1014 873 1087 922 est,
1118 871 1198 911 alio
1220 873 1398 925 tempore
1419 872 1550 922 ducit,
1570 872 1684 911 nullo

142 947 323 998 tempore
354 941 523 982 duxisse
547 940 735 980 videatur
763 953 840 980 nec
869 941 920 980 ob
950 941 1055 981 hanc
1074 954 1160 997 rem
1179 941 1352 981 retineat
1371 942 1580 990 actionem,
1612 941 1686 980 sed

39 1009 42 1011 ⁵
82 1028 84 1032 ’
143 1012 256 1066 longi
286 1010 478 1066 temporis
508 1008 828 1063 praescriptione
856 1010 922 1050 ius
951 1010 1111 1050 amittat
1122 1009 1165 1061 8).

260 1082 407 1140 Aquae
438 1094 538 1120 usus
568 1081 689 1120 certis
720 1080 841 1119 etiam
868 1080 1070 1120 mensuris
1100 1080 1228 1120 dividi
1258 1084 1412 1134 potest,
1451 1081 1507 1120 ita
1542 1082 1588 1120 ut
1616 1081 1687 1120 uni

146 1153 221 1194 aut
238 1150 532 1204 compluribus,
564 1149 634 1202 qui
655 1149 950 1202 aquaeductum
969 1149 1131 1198 habent,
1164 1152 1358 1204 perpetuo
1381 1150 1502 1190 etiam
1522 1150 1686 1203 quidem

144 1222 303 1278 ducere
322 1220 455 1269 liceat,
487 1220 560 1259 sed
591 1219 876 1268 constituatur,
914 1221 958 1258 ut
987 1231 1068 1258 non
1098 1219 1175 1258 nisi
1206 1220 1458 1259 terminatam
1488 1219 1686 1273 recipiant

108 1310 115 1323 ι
145 1290 310 1345 copiam.
372 1289 422 1328 Id
451 1288 651 1342 quomodo
682 1288 735 1327 sit
764 1288 925 1338 factum,
957 1300 1197 1341 quamquam
1228 1290 1360 1328 fontes
1391 1288 1552 1341 quidem
1582 1289 1685 1329 nihil

133 1361 362 1417 proferunt,
411 1361 547 1398 tamen
590 1371 658 1398 eos
696 1358 976 1412 apparatibus,
1014 1359 1084 1411 qui
1121 1361 1236 1399 erant
1264 1359 1307 1398 ιιι
1336 1359 1510 1413 publicis
1539 1371 1686 1412 aquae-

145 1429 333 1470 ductibus
372 1427 510 1468 usitati
553 1428 762 1480 eidemque
800 1427 1008 1467 dividendi
1050 1428 1196 1468 rationi
1238 1428 1484 1478 servientes,
1530 1428 1685 1468 similes

145 1497 337 1555 habuisse
367 1498 478 1537 certo
510 1497 634 1536 statui
664 1498 808 1550 potest.
869 1495 998 1535 Erant
1027 1498 1147 1547 enim,
1180 1500 1224 1537 ut
1253 1496 1489 1538 Frontinus
1504 1496 1536 1547 ⁹)
1556 1497 1685 1537 fusius

145 1567 347 1617 describit,
377 1566 539 1607 fistulae
566 1566 848 1607 mathematica
877 1567 1032 1606 ratione
1062 1570 1144 1607 tam
1174 1569 1360 1608 accurate
1390 1567 1612 1618 confectae,
1642 1568 1690 1607 ut

145 1650 235 1681 ιιοιι
255 1637 335 1677 nisi
365 1637 572 1677 definitam
602 1649 730 1688 aquae
759 1637 1059 1676 multitudinem
1084 1639 1321 1691 reciperent.

145 1778 296 1828 potest,
339 1776 578 1815 servitutem
608 1776 780 1815 divisam
812 1788 904 1819 esse
934 1789 1016 1815 non
1050 1777 1261 1829 probatur,
1299 1789 1393 1816 nam
1425 1777 1690 1829 Papinianus

144 1844 185 1884 in
215 1845 241 1885 l.
254 1844 293 1886 4.
323 1844 409 1898 §.2
440 1844 490 1896 D,
513 1845 552 1896 8,
574 1846 622 1894 ·1,
653 1857 774 1897 quam
803 1844 1088 1899 Boeokz‘nyius
1100 1845 1150 1897 ¹⁰)
1174 1846 1457 1886 commentario
1478 1846 1687 1896 instruxit,

144 1914 411 1965 „Intervalla,
442 1914 584 1968 inquit,
628 1915 784 1954 dierum
814 1916 854 1955 et
882 1915 1073 1955 horarum
1102 1929 1184 1956 non
1215 1916 1266 1956 ad
1295 1916 1488 1970 temporis
1524 1928 1689 1956 causam

88 2039 91 2041 .
146 1984 227 2033 (die
256 1984 395 2025 Dauer
424 1986 497 2025 des
530 1984 864 2036 Servitutrechts)
908 1986 980 2026 sed
1020 1987 1071 2027 ad
1105 1987 1295 2027 modum
1328 1990 1373 2035 (s.
1401 1987 1439 2039 ξ.
1464 1986 1548 2029 115
1568 1999 1606 2026 n.
1629 1987 1687 2037 5.)

262 2123 299 2168 3)
325 2125 362 2157 L.
383 2126 411 2157 l.
435 2123 464 2167 §-
482 2126 513 2158 3.
539 2126 571 2158 4.
618 2124 658 2158 L.
683 2126 714 2158 6.
739 2125 781 2157 D.
799 2126 856 2167 43,
882 2126 936 2158 20.

262 2182 298 2225 4)
321 2182 361 2215 L.
379 2185 406 2215 l.
431 2182 459 2225 ξ.
478 2184 532 2216 32.
558 2184 599 2215 D.
626 2185 682 2223 43,
707 2184 768 2216 20:
794 2184 990 2223 „Aestatem
1007 2184 1171 2226 incipere,
1198 2185 1248 2217 sic
1263 2184 1442 2226 peritiores
1463 2184 1690 2224 tradiderunt,

88 2280 98 2283 ῃ
146 2237 188 2272 ab
213 2240 427 2283 aequinoctio
450 2231 555 2275 verno
581 2245 615 2274 et
637 2240 729 2274 finiri
755 2230 967 2283 aequinoctio
999 2241 1208 2283 autumnali;
1246 2246 1279 2275 et
1313 2242 1363 2274 ita
1393 2242 1484 2289 senis
1514 2242 1687 2275 mensibus

145 2300 255 2332 aestas
279 2302 379 2342 atque
402 2300 511 2333 hiems
537 2299 734 2333 dividitur.“

262 2356 299 2401 5)
323 2357 363 2391 L.
384 2360 411 2390 1.
436 2360 465 2400 ξ.
483 2359 538 2390 31.
563 2357 603 2391 D.
620 2358 675 2390 43.
701 2358 754 2391 20.

262 2413 299 2458 6)
322 2415 362 2449 L.
393 2417 445 2449 10.
470 2417 500 2458 ξ.
528 2417 557 2448 1.
582 2416 622 2449 D.
648 2418 681 2455 8,
707 2416 737 2448 6.
785 2415 825 2449 L.
846 2417 898 2449 1⁷.
923 2416 963 2449 D.
981 2417 1037 2457 39,
1062 2416 1093 2449 3.
1141 2416 1180 2450 L.
1197 2418 1229 2450 2.
1254 2417 1296 2449 D.
1315 2417 1370 2457 43,
1394 2418 1449 2450 20.

263 2472 299 2515 ⁷)
323 2472 362 2505 L.
389 2474 419 2505 2.
445 2473 486 2506 D.
511 2474 568 2513 43,
593 2474 649 2505 20.
674 2464 675 2467 ’

261 2528 299 2573 8)
321 2529 361 2564 L.
383 2531 434 2564 10.
459 2531 487 2572 15-
508 2532 537 2563 1.
563 2531 603 2563 D.
621 2532 654 2571 s,
679 2531 710 2563 6.
759 2529 797 2563 L.
819 2531 870 2563 ιτ.
895 2530 935 2563 D.
952 2531 1008 2571 89,
1034 2531 1065 2564 3.
1121 2530 1159 2564 L.
1182 2533 1231 2565 16.
1261 2533 1311 2564 18.
1343 2542 1395 2574 pr.
1420 2531 1461 2565 D.
1478 2533 1512 2573 8,
1537 2532 1568 2565 6.
1624 2531 1694 2565 crr.

83 2632 87 2639 .
145 2584 184 2619 L.
202 2588 233 2621 5.
258 2586 287 2630 ἓ.
308 2590 336 2621 1.
361 2588 402 2622 D.
419 2591 476 2629 43,
502 2590 556 2623 20.
604 2588 787 2634 Boeekinq,
811 2591 840 2631 ξ.
862 2591 936 2623 170.
962 2601 993 2623 ιι.
1012 2592 1066 2623 48.
1092 2609 1137 2615 -
1162 2590 1258 2628 Quae
1274 2590 1445 2624 restitutio
1466 2591 1505 2624 in
1520 2591 1693 2633 integrum

144 2642 211 2677 hae
234 2644 272 2679 in
297 2656 333 2679 re
357 2645 470 2680 valeat
492 2646 559 2680 vid.
585 2647 622 2680 in
648 2646 670 2680 1.
688 2648 742 2681 34.
767 2649 795 2690 ξ.
817 2649 845 2680 1.
870 2647 893 2681 l.
911 2648 969 2682 35.
994 2648 1034 2681 D.
1052 2649 1085 2689 8,
1110 2649 1141 2681 3.

263 2703 300 2749 9)
325 2705 362 2739 L.
381 2716 408 2740 c.
433 2706 463 2749 ξ.
480 2707 622 2747 23-764
657 2708 733 2741 112.
762 2707 838 2740 113.

242 2762 300 2806 ιο)
323 2764 432 2797 Pand.
456 2766 486 2807 §-
506 2766 568 2798 161
596 2775 620 2797 n
657 2766 703 2798 36
