1961 3007
684 1080 1239 1174 PRAEFATIO.

307 1398 453 1463 Anno
484 1414 529 1463 h.
552 1431 587 1463 s.
613 1412 705 1462 LII
730 1410 857 1463 ordo
881 1411 957 1460 111.
983 1410 1201 1462 ictorum
1227 1413 1492 1461 oertaminis
1516 1412 1735 1461 litterarii

158 1500 161 1501 ⁷
190 1502 340 1557 causa*
367 1509 638 1572 quaestione
672 1507 731 1554 de
767 1487 1068 1556 servitutibus
1107 1506 1168 1554 ad
1199 1522 1365 1570 aquam
1389 1506 1732 1570 pertinentibus
1787 1486 1798 1493 ἱ

190 1602 433 1666 proposita
467 1602 689 1659 voluerat,
726 1604 778 1648 ut
814 1599 1080 1657 doceretur,
1123 1599 1249 1664 quod
1284 1615 1442 1648 earum
1479 1599 1732 1648 secundum

189 1698 443 1759 praecepta
465 1694 581 1742 iuris
612 1694 761 1741 civilis
778 1671 995 1757 propium
1016 1697 1150 1741 esset.
1195 1692 1491 1750 ‚Quaestionis
1507 1694 1732 1757 gravitate

165 1843 169 1844 ⁷
190 1787 417 1837 adductus
450 1786 510 1835 ad
542 1787 693 1835 fontes
727 1786 842 1834 iuris
867 1785 1016 1834 civilis
1042 1785 1264 1850 providus
1291 1786 1551 1851 sollersque
1576 1801 1732 1837 acces·

153 1933 156 1934 ⁷
190 1862 341 1929 seram
364 1880 490 1929 haud
514 1896 678 1944 parum
702 1880 914 1928 utilitatis
939 1895 1011 1928 me
1036 1883 1279 1943 capturum
1304 1895 1407 1928 esse
1430 1884 1573 1938 ratus,
1610 1882 1651 1929 si
1683 1882 1735 1930 in

123 1962 125 1964 ’
189 1975 247 2022 iis
287 1961 559 2038 diligentior
580 1989 813 2032 versarer,
851 1973 939 2021 etsi
976 1951 1237 2022 certaminis
1254 1973 1474 2037 ,palmam
1509 1975 1733 2039 consequi

190 2083 284 2116 non
325 2067 626 2132 contingeret.
688 2064 845 2114 Altius
879 2067 1111 2130 altiusque
1141 2068 1191 2113 in
1226 2067 1431 2115 fontibus
1469 2068 1735 2131 quaerendo

0 2127 24 2181 :³
126 2175 135 2177 -
189 2161 412 2217 adauctae
444 2165 552 2209 sunt
582 2159 877 2208 difficultates
915 2176 1063 2223 eoque
1094 2175 1166 2208 me
1199 2160 1535 2224 perduxerunt,
1572 2166 1625 2209 ut
1656 2162 1730 2210 his

191 2258 241 2303 et
278 2254 696 2304 controversiarum
736 2253 786 2300 in
823 2254 1012 2318 scriptis
1049 2251 1267 2301 ICtorum
1301 2255 1421 2302 mole
1456 2254 1733 2304 absterritus

121 2354 126 2358 ’
191 2362 310 2412 opus
346 2348 583 2410 inceptum
616 2339 878 2394 abiicerem.
950 2346 1099 2404 Quum
1130 2361 1240 2393 vero
1282 2347 1460 2410 magnis
1498 2348 1734 2411 variisque

189 2441 311 2489 vitae
344 2440 576 2488 aerumnis
612 2439 812 2504 feliciter
849 2440 1078 2503 superatis
1117 2454 1308 2503 sperare
1340 2440 1517 2498 liceret,
1554 2441 1657 2494 fore
1681 2445 1733 2489 ut

115 2538 121 2547 '
190 2549 385 2599 examen
417 2549 505 2598 pro
542 2523 689 2597 gradu
724 2533 948 2581 doctorali
980 2533 1182 2581 subirem
1216 2532 1277 2580 ad
1300 2534 1618 2597 quaestionem
1648 2536 1733 2583 ali-

168 2627 411 2693 quamdiu
442 2628 750 2677 intermissam
774 2642 988 2676 reversus
1015 2627 1106 2676 iam
1131 2631 1318 2676 strenue
1339 2627 1606 2678 solvendam
1623 2629 1733 2679 forti

189 2722 340 2771 animo
374 2737 447 2770 me
483 2722 680 2770 accinxi.
742 2720 819 2769 Ex
854 2721 928 2769 his
965 2709 1130 2769 studiis
1164 2722 1429 2771 dissertatio
1466 2722 1570 2782 „de
1608 2738 1735 2772 ser·
1802 2713 1805 2714 ⁷
