1961 3007
206 229 392 291 §excitat
418 233 531 302 quod
559 232 730 289 alterius
760 244 857 293 loci
870 236 915 296 (l.·
930 234 967 291 2
995 243 1053 285 D
1052 242 1107 295 8
1127 243 1194 294 4)
1205 244 1362 304 811οἶοῗ
1371 231 1443 304 ⁸·st
1446 240 1556 305 m?

210 118 327 221 “de—
314 172 395 220 hso
419 184 484 217 re
496 171 683 235 prome
700 152 990 221 adversantur.
1042 156 1106 219 Id
1127 173 1263 232 qnod
1256 172 1488 235 eom.

234 312 414 357 maxime
433 312 540 354 hano
559 295 797 355 doctrinam
810 313 1032 368 diligenter
1061 313 1275 356 tractatam
1298 297 1509 369 dobenins
1677 365 1699 371 *-

352 382 639 436 Boeokmqiua
651 382 697 435 ἵ),
727 385 797 436 qui
829 385 992 424 subtilis
1022 396 1070 423 ac
1100 386 1279 423 ceterum
1307 397 1390 424 non
1417 383 1589 432 aliorum
1608 394 1642 448 v.

235 464 424 505 premens
455 453 537 503 est,
578 452 811 507 opinionem
848 453 890 494 in
929 453 1071 507 glossa
1109 452 1281 508 positam
1316 466 1450 507 neque
1479 465 1505 495 a
1534 447 1693 494 G'ffle‘m

235 521 455 563 Heineomo
471 521 503 573 ⁸)
542 535 739 576 prospere
770 524 978 563 defensam
1023 524 1155 563 denuo
1194 523 1395 577 recipiens
1424 524 1530 563 hanc
1560 506 1712 575 legem
1724 514 1806 582 its,

234 592 547 645 interpretatur:
1738 589 1776 631 ⁸»,

447 660 500 694 De
525 671 614 703 aqua
650 672 714 704 per
743 665 852 694 rotam
883 661 1038 694 tollenda
1068 672 1110 693 ex
1140 661 1279 694 flumine
1309 660 1400 705 (also
1425 660 1576 704 publico,
1611 670 1663 694 wo
1684 655 1844 713 JuQ

331 717 393 751 das
418 718 623 760 Gegentheil
647 723 768 762 gesagt
791 719 838 752 ist
861 730 887 752 s.
904 720 935 761 ἓ
954 719 976 751 2
1001 719 1032 752 J.
1050 720 1083 760 2,
1103 717 1135 763 1)
1161 718 1216 752 vel
1239 718 1430 752 haurienda
1453 718 1508 752 vel
1533 719 1563 752 si
1585 718 1662 762 quis
1676 717 1783 769 servi-g

330 779 437 809 tutem
462 775 606 810 castello
622 776 668 820 (i.
693 788 720 810 e.
745 776 1014 820 receptaculum,
1047 777 1136 820 quod
1160 788 1283 821 aquam
1309 776 1495 821 publicam„
1505 777 1664 820 suscipit.
1699 775 1802 819 Ulps‘
1830 763 1954 774 ⁸

327 834 399 867 1.1
426 833 454 877 ξ.
473 836 528 868 39.
553 835 593 867 cf.
611 836 656 868 41
683 835 724 867 D.
741 837 798 876 43,
816 834 874 879 20)
898 836 1110 878 imposuerit,
1135 835 1272 878 quidam
1296 835 1539 869 dubitaverunt
1562 845 1605 868 ne
1628 818 1695 881 hac
1711 826 1783 869 setr-

329 893 454 926 vitutes
480 903 547 926 non
572 896 686 927 essent
707 892 761 938 (so
786 893 910 927 stellen
935 894 1055 937 einige
1071 894 1136 927 den
1153 893 1236 929 Satz
1262 894 1330 936 auf,
1355 893 1462 928 dieses
1479 894 1572 927 seien
1588 880 1692 927 keine
1705 892 1783 928 Sei-'2
1789 884 1795 935 J

330 951 491 993 vituten):
525 951 585 985 sed
609 953 773 995 rescripto
798 953 1015 994 imperatoris
1032 954 1199 985 Antonini
1224 952 1267 985 ad
1283 953 1485 985 Tullianum
1501 951 1680 992 adiicitur,
1701 950 1786 994 licet

331 1010 477 1042 servitus
515 1009 590 1043 iure
626 1020 693 1042 non
730 1009 842 1043 valuit
875 1007 1051 1053 (obgleich
1089 1009 1197 1044 dieses
1229 1010 1280 1044 als
1306 1010 1458 1045 Servitut
1483 1009 1573 1044 nach
1597 1006 1786 1052 Civilteolit

330 1068 429 1100 nicht
452 1068 534 1111 gilt)
569 1068 599 1101 si
635 1072 748 1101 tamen
785 1069 850 1100 hae
885 1068 962 1111 lege
986 1068 1197 1111 comparavit
1226 1079 1286 1102 seu
1311 1068 1382 1102 alio
1407 1078 1609 1111 quocunque
1630 1067 1784 1116 legitimo

330 1126 429 1158 modo
455 1125 522 1158 sibi
546 1126 738 1168 acquisivit,
763 1125 927 1158 tuendum
952 1136 1024 1158 esse
1049 1137 1136 1166 eum,
1163 1126 1221 1169 qui
1245 1127 1309 1159 hoc
1334 1125 1388 1159 ius
1413 1125 1572 1169 possedit.

235 1183 327 1223 Hac
357 1184 409 1223 de
436 1184 782 1236 interpretatione,
814 1197 894 1236 qua
915 1184 1199 1237 Boeokz’nqius
1230 1186 1346 1238 putat
1378 1197 1574 1225 summam
1605 1170 1712 1236 legis
1740 1182 1784 1237 in

236 1266 284 1293 eo
315 1253 485 1302 versari,
517 1254 627 1306 quod
650 1253 885 1294 Antoninus
916 1253 995 1294 iuri
1024 1254 1067 1293 in
1097 1267 1141 1294 re
1172 1253 1337 1307 publica
1366 1254 1578 1295 servitutis
1598 1254 1784 1307 vigorem

236 1323 472 1363 attribuisse
502 1323 699 1373 voluerit,
737 1324 1030 1375 quodammodo
1062 1323 1356 1363 addubitamus,
1417 1323 1510 1364 Non
1549 1323 1657 1364 enim
1686 1322 1784 1363 safis
1827 1341 1837 1347 ’

235 1392 501 1445 intellegitur,
534 1406 606 1432 cur
636 1393 737 1432 haec
767 1393 1021 1446 potissimum
1052 1393 1217 1446 publica
1246 1394 1337 1433 iura
1367 1393 1584 1433 servitutes
1613 1392 1785 1433 iudicari
1812 1405 1814 1407 ’

234 1462 468 1503 Antoninus
498 1462 687 1513 voluerit,
719 1476 842 1514 quum
872 1463 1074 1516 permulta
1094 1463 1183 1503 iura
1202 1462 1366 1516 publica
1385 1462 1547 1513 fuerint,
1577 1474 1682 1515 quae
1703 1474 1786 1504 scr-

235 1533 388 1573 vitutes
418 1545 501 1572 non
532 1535 648 1572 erant
659 1532 705 1583 4).
766 1533 924 1572 Deinde
965 1533 1038 1573 vix
1069 1533 1313 1572 credendum
1345 1535 1409 1572 est
1437 1533 1634 1585 quosdam
1664 1530 1787 1573 lCtos

236 1603 444 1643 Romanos
474 1602 689 1655 ignorasse
728 1602 817 1642 iura
852 1602 894 1641 in
932 1602 1055 1642 rebus
1091 1603 1266 1655 publicis
1308 1607 1469 1656 semper
1504 1602 1594 1641 iura
1623 1601 1788 1656 publica

234 1686 311 1713 nec
340 1673 463 1727 plane
495 1672 714 1713 servitutes
744 1673 770 1712 i.
794 1686 829 1715 e.
860 1673 951 1712 iura
979 1673 1142 1725 privata
1172 1685 1274 1712 esse.
1337 1671 1473 1719 Quum
1493 1675 1628 1723 autem
1646 1670 1788 1727 Ulpia-

235 1756 314 1782 nus
347 1743 456 1782 dicat
497 1743 693 1794 „quidam
735 1742 1055 1781 dubitaverunt“
1098 1742 1373 1793 colligendum
1418 1744 1528 1782 esset
1568 1742 1787 1795 plerosque
1855 1771 1857 1776 .

234 1813 323 1853 iure
354 1812 563 1853 consultos
593 1811 808 1865 putavisse
838 1811 1003 1865 publica
1032 1811 1106 1851 illa
1135 1811 1224 1852 iura
1254 1824 1346 1851 esse
1362 1812 1607 1854 servitutes.
1665 1810 1787 1851 Deni-

234 1897 313 1936 que
343 1882 629 1935 Boeekz‘nyz'us
660 1883 711 1921 de
741 1883 816 1922 hoc
847 1883 936 1921 loco
968 1882 1055 1934 agit
1084 1882 1202 1921 iuxta
1232 1893 1280 1921 ac
1310 1881 1346 1921 si
1366 1881 1569 1935 Ulpianus
1591 1881 1786 1921 dixisset:

234 1953 327 2003 „De
358 1965 467 2005 aqua
496 1952 681 1992 ducenda
710 1951 960 1991 ex‘flumine
988 1952 1058 1991 vel
1087 1951 1312 1991 haurienda
1322 1954 1344 1973 ‘⁴
1373 1952 1457 2002 rel„
1487 1964 1612 2005 quum
1640 1951 1786 1991 saltem

235 2024 362 2064 verba
392 2023 476 2074 „de
517 2035 623 2076 aqua
661 2036 754 2075 per
791 2024 955 2063 rotam
992 2022 1269 2062 tollenda“
1306 2022 1417 2061 haud
1447 2024 1599 2062 temere
1628 2021 1787 2074 possint

234 2106 325 2133 esse
353 2092 587 2148 praemissa.
648 2091 887 2142 Praeterea,
926 2105 1050 2144 quum
1088 2093 1246 2131 constet
1281 2091 1371 2132 iura
1398 2091 1563 2145 propria
1591 2091 1634 2131 in
1662 2090 1786 2131 rebus

233 2164 411 2217 publicis
442 2153 552 2215 peti
583 2162 652 2201 vel
680 2162 948 2215 postulari
985 2162 1174 2201 debuisse
1190 2160 1220 2210 5)
1251 2161 1396 2200 mirum
1426 2164 1489 2201 est
1518 2161 1627 2216 quod
1648 2159 1786 2214 Ulpia-

233 2246 312 2272 nus
343 2231 460 2272 dicit:
492 2231 552 2281 „si
584 2231 676 2284 quis
708 2230 1005 2271 servitutem..
1030 2265 1037 2273 .
1069 2230 1416 2285 imposuerit“
1437 2261 1444 2270 .
1468 2262 1477 2270 .
1500 2264 1509 2273 .
1541 2230 1621 2271 vel.
1683 2228 1786 2277 Qui-

233 2303 312 2341 bus
343 2302 465 2341 rebus
497 2302 683 2341 commoti
715 2302 989 2340 coniecturam
1020 2299 1213 2342 Glueooz‘z·
1240 2301 1291 2339 ab
1318 2300 1511 2341 Elversz'o
1542 2300 1675 2340 denuo
1696 2311 1785 2353 pro-

234 2372 359 2413 latam
370 2370 401 2420 6)
433 2373 474 2412 et
505 2383 529 2412 a
558 2370 812 2424 Boeclcmyio
851 2372 1043 2412 reiectam
1073 2371 1364 2426 amplectamur
1394 2370 1470 2411 hoc
1501 2370 1591 2412 loco
1621 2369 1672 2410 de
1703 2382 1785 2410 ser-

352 2536 390 2580 2)
413 2535 522 2569 Pand.
549 2537 577 2576 ξ.
598 2536 673 2569 162.
700 2546 732 2567 ιι.
750 2535 805 2567 36.

352 2594 389 2638 3)
416 2593 543 2628 Glueck
567 2595 596 2635 ξ.
615 2594 692 2626 663.
718 2604 750 2626 n.
769 2594 800 2625 5.

352 2653 389 2696 4)
413 2651 537 2685 Elvere
561 2653 590 2693 ξ.
610 2653 663 2684 30.

352 2710 390 2754 5)
413 2710 504 2743 Diss.
529 2711 557 2752 ξ.
576 2711 597 2742 6
623 2720 655 2742 ιι.
681 2711 711 2742 7.
730 2712 761 2742 8.

353 2768 390 2812 6)
415 2767 538 2802 Elvers
562 2771 591 2811 §-
608 2770 664 2802 29.
