1961 3007
184 391 302 419 cessa
330 380 401 428 sit,
445 374 595 419 debeat
623 379 736 430 duci,
777 380 819 420 at
855 378 1082 421 Labeonem
1113 380 1164 420 de
1195 371 1382 433 seq'uenti
1417 338 1589 421 tantum
1600 389 1678 447 aql

184 449 330 489 ductae
359 462 448 498 usu,
477 450 695 527 postquam
727 463 776 491 ea
804 454 913 491 recte
942 449 1132 500 servivit,
1164 449 1379 503 cogitasse.
1680 451 1691 461 “”
1705 451 1716 464 ⁵

300 517 398 569 Nos,
430 518 500 572 qui
530 519 600 559 hi
587 533 626 560 1c
655 520 716 560 rei
747 519 1030 560 diiudicandae
1059 520 1102 559 in
1131 532 1286 561 summo
1309 520 1448 561 studio
1464 516 1647 581 impares
1652 527 1734 563 ποῦ

188 602 279 629 esse
311 589 549 639 sentiamus,
591 602 836 643 quamquam
874 590 916 629 in
952 590 1074 630 rebus
1105 590 1239 630 dubiis
1269 590 1404 630 mitior
1434 589 1655 632 sententia
1663 589 1767 657 αἰξὶ

183 659 316 699 hiberi
343 659 476 708 debet,
507 660 741 700 dubitamus
771 660 895 709 illam,
927 672 1007 711 qua
1036 660 1129 713 plus
1160 672 1289 712 aquae
1321 660 1413 699 duci
1443 660 1582 710 liceat,
1613 661 1738 713 qnam
1774 656 1785 716 ³3
1840 709 1843 712 .

184 728 236 768 ad
266 729 437 768 fundum
467 728 602 782 ipsum
632 743 733 783 opus
763 730 826 779 sit,
856 729 936 768 nisi
968 729 1006 768 ei
1028 729 1081 768 sit
1100 729 1291 779 nocitum,
1323 742 1415 782 per
1444 728 1598 769 ouius
1614 721 1736 775 fuir*
1756 774 1779 794 s
1806 723 1850 793 ‘7³3ss

185 798 307 838 dum
345 797 655 849 ducatur32),
693 798 854 838 omnino
895 798 1171 852 accipiendam
1206 811 1317 847 esse3
1353 799 1489 839 tamen
1530 780 1737 841 dominu&
1763 797 1773 834 .’

185 880 275 906 cum
307 880 354 907 eo
386 869 588 919 agentem,
620 868 689 920 qui
721 868 1018 921 aquaeductum
1048 868 1181 918 habet,
1212 868 1320 921 quod
1350 868 1444 921 plus
1465 876 1594 922 aquae
1614 868 1737 930 quam
1787 876 1791 883 “

184 937 236 976 ad
266 937 436 976 fundum
466 938 600 990 ipsum
629 938 684 978 sit
714 950 827 990 opus,
860 938 981 978 ducat
1011 938 1079 978 vel
1111 951 1201 977 cum
1232 937 1366 978 vicino
1396 938 1587 990 quodam,
1626 937 1737 990 quod
1904 978 1912 993 ι

183 1019 329 1058 aquam
362 1020 416 1045 ex
446 1006 535 1045 rivo
567 1007 739 1055 hauriat,
770 1019 851 1045 non
882 1006 1127 1046 audiendum
1168 1020 1258 1046 esse
1297 1007 1526 1059 opinamur,
1574 1004 1660 1046 sed'
1685 1006 1737 1058 ei,
1800 1045 1806 1055 ,

183 1075 291 1128 quod
321 1074 399 1115 hoc
428 1088 509 1115 usu
547 1075 625 1115 sibi
666 1076 853 1115 damnum
884 1075 972 1126 fiat,
1013 1076 1083 1116 vel
1114 1076 1222 1130 quod
1253 1076 1548 1130 aquaeductum
1577 1076 1739 1121 habens

182 1146 277 1199 plus
309 1157 451 1197 aquae,
492 1158 613 1197 quam
650 1146 907 1185 constitutam
946 1147 1014 1186 vel
1051 1147 1230 1198 legatam
1259 1146 1330 1186 vel
1360 1159 1480 1198 quam
1507 1147 1587 1186 hoc
1617 1154 1761 1223 anno,
1893 1122 1914 1180 »Ἀ

182 1215 318 1270 priore
350 1216 504 1255 aestate
535 1214 667 1265 ducat,
700 1215 882 1268 allegare
911 1229 1080 1275 necesse
1111 1215 1198 1255 erit.
1207 1214 1258 1266 3³)

909 1333 946 1384 g.
978 1331 1016 1373 9.

668 1402 730 1444 De
763 1400 903 1444 modis
936 1400 1252 1454 aquaeductus,

302 1483 415 1535 Lege
437 1483 647 1523 servitutis
669 1507 725 1513 -—
746 1485 792 1522 ut
813 1483 1076 1522 antecedente
1098 1484 1123 1535 ξ
1145 1482 1368 1534 reperimus
1390 1505 1444 1512 -—
1471 1483 1587 1535 copia
1606 1494 1737 1535 aquae

184 1553 445 1592 determinari
476 1554 622 1605 potest,
654 1552 763 1604 quod
793 1552 850 1591 ita
880 1552 936 1601 fit,
968 1553 1014 1591 ut
1042 1564 1233 1591 mensura
1262 1563 1393 1604 aquae
1424 1551 1492 1591 vel
1524 1552 1645 1591 etiam
1665 1551 1735 1602 ita,

184 1624 230 1662 ut
260 1624 418 1677 tempus
450 1623 623 1663 ducendi
656 1622 935 1662 constituatur.
953 1621 980 1671 1)
1032 1621 1192 1668 Quibus
1223 1622 1273 1661 de
1294 1621 1600 1671 adiectionibus,
1631 1632 1737 1674 quae

183 1693 291 1732 modi
323 1692 535 1732 servitutis
566 1692 766 1741 dicuntur,
797 1705 906 1731 nunc
937 1704 1116 1743 agamus.

302 1760 521 1807 Quaelibet
562 1762 658 1801 anni
696 1763 829 1815 spatia
868 1762 936 1801 vel
975 1762 1069 1801 anni
1108 1761 1187 1814 ipsi
1230 1762 1282 1801 ad
1327 1771 1473 1813 aquam
1510 1758 1736 1801 ducendam

184 1832 357 1884 possunt
403 1831 624 1870 constuitui
639 1830 682 1880 2.)
756 1830 1002 1869 Praesertim
1041 1831 1175 1868 autem
1217 1829 1390 1868 Romani
1433 1841 1579 1882 aquam
1619 1843 1738 1883 quo-

185 1888 422 1940 tidiniam
453 1902 494 1940 et
524 1900 770 1940 aestivam
801 1900 869 1940 vel
901 1899 1158 1939 hibernam
1192 1899 1460 1951 distinguunt,
1491 1911 1579 1939 eam
1600 1900 1737 1953 appel·
1786 1953 1788 1956 .

184 1970 317 2010 lantes
347 1970 635 2023 quotidianam,
666 1982 771 2022 quae
803 1969 985 2022 quotidie
1016 1969 1109 2009 duci
1142 1973 1285 2022 potest.
1345 1969 1438 2009 Huc
1467 1968 1594 2026 igituir
1613 1969 1737 2010 etiam

277 2133 337 2178 32)
360 2134 426 2167 Est
449 2134 539 2166 enim
565 2133 612 2173 is,
650 2132 708 2175 qui
739 2142 860 2174 aquam
888 2135 922 2165 et
946 2131 992 2173 is,
1030 2131 1087 2174 qui
1119 2131 1185 2164 iter
1209 2134 1343 2164 tantum
1368 2131 1517 2174 praebet.
1565 2131 1656 2165 Nam
1680 2130 1738 2164 illi

182 2204 325 2236 quoque,
351 2193 408 2235 qui
433 2192 574 2234 praebet
599 2202 705 2233 aquae
729 2191 804 2231 iter,
830 2190 859 2223 si
885 2190 964 2233 plus
990 2190 1136 2231 ducitur,
1163 2191 1278 2223 noceri
1304 2193 1423 2232 potest.

276 2250 337 2293 33)
361 2249 485 2282 Elvers
510 2252 538 2290 ξ.
560 2250 601 2280 16
627 2260 659 2280 n.
685 2260 714 2280 a.

305 2308 337 2351 l)
365 2309 400 2340 1..
427 2310 447 2339 5
495 2308 535 2340 D.
557 2308 613 2347 43,
639 2308 699 2339 20:
741 2306 914 2347 „Constat
1059 2317 1128 2339 non
1165 2306 1275 2340 solum
1306 2305 1516 2349 temporibus
1548 2305 1606 2339 sed
1632 2306 1737 2339 etiam

183 2368 352 2400 mensuris
377 2377 478 2409 posse
504 2377 628 2408 aquam
653 2365 793 2399 dividi“.
845 2365 881 2396 L.
898 2366 930 2396 5.
957 2366 996 2397 D.
1011 2367 1043 2405 8,
1075 2368 1100 2397 1.
1150 2366 1187 2397 L.
1205 2366 1256 2397 19.
1283 2367 1311 2404 ξ.
1327 2367 1356 2398 4.
1386 2366 1427 2397 D.
1448 2366 1500 2404 10,
1526 2366 1557 2397 3.
1648 2400 1653 2405 ,

299 2424 336 2468 2)
361 2425 399 2458 L.
428 2427 457 2457 7.
482 2425 523 2457 D.
543 2426 574 2465 8,
601 2426 638 2456 6:
665 2449 672 2455 .
698 2449 705 2455 .
738 2422 814 2463 „vel
839 2425 993 2455 aestate“
1020 2449 1051 2455 ..
1072 2449 1078 2455 .
1104 2423 1181 2464 „vel
1206 2433 1275 2455 uno
1299 2424 1442 2455 mense“
1476 2448 1509 2455 ..
1528 2448 1535 2454 .
1554 2448 1561 2454 .
1595 2422 1737 2455 alternis

183 2484 284 2516 annis
309 2483 364 2517 vel
390 2483 561 2516 mensibus
574 2485 594 2501 ‘⁴
621 2506 751 2521 .....
755 2481 897 2514 alternis
923 2481 1040 2513 diebus
1066 2486 1126 2513 aut
1150 2482 1203 2513 die
1227 2485 1299 2514 toto
1325 2484 1385 2514 aut
1409 2483 1543 2513 tantum
1568 2482 1710 2513 nocte“.
1729 2505 1737 2511 .

182 2541 324 2574 alternis
348 2539 522 2573 horis-vel
547 2550 616 2571 una
641 2540 726 2570 hora
755 2538 934 2580 quotidie·‘
960 2563 967 2569 .
986 2564 992 2570 .
1013 2564 1019 2570 .
1067 2539 1105 2570 L.
1136 2540 1187 2570 16.
1213 2539 1253 2570 D.
1271 2540 1304 2577 8,
1330 2540 1367 2570 5:
1394 2563 1401 2569 .
1420 2563 1427 2569 .
1447 2563 1453 2569 .
1477 2547 1562 2578 „suo
1595 2537 1737 2580 quisque

184 2599 260 2632 die“
279 2625 285 2631 .
305 2624 337 2631 ..
386 2598 425 2631 L.
451 2599 472 2630 2
501 2599 530 2640 ς’.
560 2599 575 2629 1
605 2597 696 2637 118,
722 2597 759 2628 3:
787 2622 819 2628 ..
845 2596 1022 2636 „diversis
1048 2596 1165 2630 diebus
1190 2593 1397 2629 vel-horis“
1424 2622 1456 2629 ..
1536 2595 1575 2629 L.
1598 2598 1626 2629 1.
1658 2596 1688 2638 ξ.
1706 2595 1738 2627 3.

181 2659 222 2691 D.
247 2660 303 2697 43,
335 2659 395 2689 20:
424 2683 430 2688 .
450 2683 456 2688 .
476 2683 482 2688 .
522 2656 598 2695 „vel
630 2656 757 2687 aestivo
789 2660 940 2696 tempore
971 2655 1025 2686 vel
1049 2654 1223 2686 hibern0“
1242 2680 1248 2685 .
1268 2680 1275 2686 .
1296 2679 1304 2686 .
1336 2656 1365 2695 ξ.
1389 2656 1434 2687 22
1461 2654 1523 2696 ἱδλι
1556 2679 1561 2684 .
1582 2679 1589 2685 .
1614 2653 1738 2694 „tertio
1748 2656 1754 2674 ἵ
1794 2649 1795 2652 ¹

182 2726 313 2759 quoque
339 2715 404 2755 die,
430 2715 550 2758 quinto
575 2713 736 2757 quoque“
761 2739 768 2745 .
787 2739 793 2744 .
813 2739 819 2745 .
869 2712 907 2746 L.
927 2714 947 2745 2
974 2713 1007 2745 h.
1025 2717 1069 2746 t.:
1085 2739 1091 2745 .
1110 2739 1117 2745 .
1155 2712 1385 2754 „diurnarum
1410 2716 1470 2745 aut
1492 2716 1739 2746 nocturnarum
1787 2717 1790 2719 ’

181 2775 373 2807 horarum“
391 2799 553 2807 .......
604 2772 642 2806 L.
662 2776 681 2804 5
708 2774 741 2805 h.
759 2775 782 2805 t.
820 2791 864 2797 —
901 2772 1053 2806 Alternis
1084 2773 1185 2805 annis
1216 2783 1305 2814 aqua
1336 2782 1398 2814 per
1429 2782 1507 2804 raro
1532 2771 1642 2804 divisa
1666 2780 1739 2804 esse

475 2814 496 2823 s

180 2832 326 2866 videtur.
