1961 3007
410 328 611 390 ιἰιιειιὺθ
620 320 996 393 comprehendere)
1005 349 1088 377 non
1115 338 1264 378 essent.
1321 329 1500 379 'Difficile
1528 339 1664 379 autem
1695 340 1761 379 est

187 454 192 462 ..
212 415 477 469 sogum
507 417 580 445 our
608 404 709 446 haec
736 404 827 452 iura
855 417 938 446 non
957 406 1276 459 potuerintesse
1295 406 1514 448 servitutes
1534 411 1624 448 iure
1642 404 1761 448 civili

54 523 57 525 ,
112 521 129 534 .-
171 473 208 517 ἐἴ
217 476 470 529 οοιιειιὲιιωθ
530 466 786 536 Quamquam
815 458 934 515 multi
962 474 1043 516 iam
1063 476 1294 537 explicandi
1314 477 1542 531 periculum
1575 477 1758 527 fecerint,

23 535 57 571 *3²
170 539 365 592 ”tamen
382 542 505 601 etiam
533 533 651 584 nobis
681 545 860 584 nostram
889 543 1260 599 interpretationem
1289 547 1470 601 proferre
1501 546 1633 588 liceat.

282 615 471 668 {Quum
500 613 669 654 castello
694 614 840 666 utpote
867 614 1055 667 publicae
1085 616 1144 655 rei
1175 617 1290 656 nulla
1318 616 1449 670 possit
1477 617 1657 656 servitus
1684 616 1758 656 ιιιι-

111 738 123 745 p
186 707 190 708 ν
216 651 333 742 pom,
351 681 591 734 servitutem
619 682 753 723 autem
784 681 982 723 exsistere
1011 685 1149 737 aperte
1179 685 1347 735 dicatur,
1378 685 1521 726 verba:
1563 685 1635 736 „si
1665 685 1758 738 quis

70 794 80 810 -‚
125 804 127 807 ¹
217 755 457 801 servitutem
485 752 654 794 castello
685 752 920 805 imposuerit
930 756 954 774 “
989 754 1050 793 nil
1091 752 1171 794 nisi
1198 754 1276 795 hoc
1305 754 1536 807 significare
1562 756 1756 809 possunt.

13 857 25 869 ‚
77 854 85 863 ι
144 818 145 821 “
215 822 283 878 „si
312 823 405 880 quis
422 821 648 865 'castellum
665 820 787 874 ,quod
817 832 963 874 aquam
992 823 1197 877 praebeat,
1240 825 1464 878 respiciens
1493 825 1582 876 (mit
1616 824 1757 865 Riick-

2 875 14 889 .
158 888 161 898 ¹
200 886 321 938 ‘sicht
350 894 424 935 auf
448 894 515 935 e‘in
543 891 783 934 Reservoir)
820 891 1060 934 servitutem
1097 906 1226 946 aquae
1262 907 1336 948 per
1375 895 1544 936 fundum
1579 895 1758 936 alienum

106 959 108 962 ’
217 950 425 1008 ducendae
444 963 514 1003 vel
535 963 657 1002 etiam
676 960 810 1009 eundi,
839 961 874 1000 si
904 973 1010 1015 aqua
1038 964 1234 1012 hauritur,
1266 965 1513 1005 constituit.“
1572 964 1760 1010 Quodsi

216 1020 360 1081 verum
372 1035 446 1083 est,
462 1033 582 1073 facile
602 1031 868 1082 intellegitur,
885 1046 957 1075 cur
973 1032 1061 1074 [Oti
1078 1034 1362 1083 dubitaverint,
1375 1047 1427 1073 ne
1440 1034 1616 1074 servitus
1629 1047 1759 1087 aquae

217 1117 272 1145 ex
301 1103 469 1144 castello
499 1103 639 1143 vivam
669 1116 814 1157 aquam
843 1117 925 1144 non
959 1103 1134 1144 habente
1164 1103 1372 1142 ducendae
1402 1104 1593 1143 constitui
1621 1104 1759 1157 possit.

333 1172 456 1219 Quod
499 1173 551 1213 ad
592 1173 764 1214 alterum
808 1175 872 1215 ius
913 1174 1107 1229 pertinet,
1149 1172 1368 1225 plurimum
1405 1173 1621 1226 gravitatis
1657 1174 1758 1214 haec

146 1238 150 1240 ’
219 1244 350 1294 νειιῆιιιμ
372 1243 527 1284 habent
568 1256 687 1296 „per
721 1246 880 1284 rotam
915 1242 1191 1284 tollenda.“
1266 1241 1410 1295 Neque
1440 1244 1575 1283 autem
1603 1243 1759 1297 perspi-

217 1313 417 1353 cientibus
433 1314 576 1352 'rotam
588 1312 619 1363 7)
670 1313 779 1353 haud
810 1313 931 1354 dubie
959 1325 1101 1353 recens
1131 1312 1356 1352 institutam
1385 1324 1448 1362 ac,
1497 1313 1606 1365 quod
1635 1325 1758 1353 manu

216 1384 324 1438 facta
353 1387 451 1432 erat,
481 1383 614 1423 minus
636 1385 786 1423 certam
805 1384 943 1424 fuisse.
974 1396 1094 1436 quam
1115 1383 1150 1422 si
1171 1382 1346 1421 naturali
1366 1382 1411 1421 vi
1435 1395 1540 1435 aqua
1559 1383 1602 1422 in
1622 1383 1759 1423 rivum

217 1436 412 1493 deflueret
428 1452 472 1504 ⁸),
504 1452 669 1493 difficile
699 1453 777 1493 erit
804 1454 855 1493 ad
885 1452 1217 1506 intellegendum,
1258 1451 1446 1504 quocirca
1475 1452 1640 1505 quidam
1670 1451 1760 1494 IOti

216 1522 282 1562 hic
311 1522 433 1562 etiam
462 1522 748 1572 dubitaverint,
776 1536 829 1563 ne
858 1524 960 1563 haec
989 1522 1166 1563 servitus
1196 1534 1278 1561 non
1308 1523 1428 1563 esset.

302 1590 481 1631 .Adhuo
511 1592 728 1645 quaeritur,
758 1605 839 1646 qua
863 1606 908 1632 re
938 1592 1170 1632 Antoninus
1200 1591 1398 1631 adductus
1427 1591 1588 1643 utrique
1615 1592 1760 1632 horum

216 1661 348 1702 iurum
389 1662 600 1702 servitutis
638 1662 821 1715 vigorem
846 1662 1136 1703 vindicaverit.
1193 1661 1489 1718 ‘Manufestum
1520 1663 1598 1711 est,
1644 1663 1761 1702 nulla

217 1730 299 1770 alia
327 1743 383 1780 re,
430 1743 550 1783 quam
592 1744 729 1771 eorum
764 1733 897 1771 iurum
937 1733 1036 1772 satis
1067 1731 1306 1771 tuendorum
1337 1731 1480 1783 gratia.
1552 1730 1609 1771 Ut
1652 1731 1760 1771 enim

216 1800 445 1841 omittamus
488 1802 595 1855 apud
638 1801 844 1842 Romanos
889 1801 1112 1842 doctrinam
1161 1801 1212 1840 de
1253 1799 1409 1840 iuribus
1451 1800 1494 1840 in
1523 1814 1568 1841 re
1596 1801 1761 1855 publica

215 1871 377 1910 tuendis
440 1872 548 1910 omni
610 1885 665 1910 ex
727 1876 842 1925 parte
913 1872 1140 1911 absolutam
1212 1859 1334 1923 atque
1407 1871 1613 1911 excultam
1677 1884 1761 1911 non

216 1938 343 1981 fuisse
359 1939 409 1992 ⁹),
441 1940 590 2002 *liquet
610 1945 779 1991 tamen,
820 1942 855 1981 si
893 1942 957 1982 ius
988 1954 1117 1995 aquae
1148 1954 1202 1981 ex
1232 1941 1401 1980 castello
1442 1953 1530 1994 per
1559 1941 1761 1981 fundum

217 2010 439 2050 alienum
499 2008 708 2051 ducendae
759 2013 1022 2052 constitutum
1062 2012 1140 2060 sit,
1214 2012 1472 2051 interdictum
1533 2011 1583 2050 de
1655 2024 1761 2064 aqua

215 2078 431 2134 publica
454 2080 525 2131 ¹⁰),
602 2081 653 2120 ad
719 2081 831 2121 litem
894 2081 1114 2121 finiendam
1180 2093 1259 2120 non
1328 2072 1555 2129 s'uffecissffi
1635 2094 1760 2134 quum

334 2195 369 2240 7)
393 2196 572 2231 Vitruvius
597 2196 727 2236 Pollio,
753 2197 794 2230 de
818 2192 1051 2230 architectura
1071 2197 1115 2229 X.
1142 2207 1167 2229 c.
1197 2197 1257 2229 10:
1296 2196 1431 2237 „Fiunt
1456 2196 1559 2228 etiam
1583 2197 1619 2229 in
1644 2197 1756 2230 flumi-

217 2254 317 2298 nibus
341 2256 436 2288 rotae
460 2255 587 2288 eisdem
612 2256 811 2295 rationibus,
839 2256 960 2298 quibus
978 2266 1080 2298 supra
1097 2256 1261 2297 scriptum
1279 2259 1337 2288 est.
1381 2255 1480 2287 Circa
1497 2266 1613 2288 earum
1629 2256 1758 2289 frontes

159 2307 164 2310 ’
216 2309 400 2354 affiguntur
425 2313 567 2355 pinnae,
598 2323 683 2356 quae
716 2324 791 2346 cum
817 2313 1053 2356 percutiuntur
1077 2313 1118 2346 ab
1143 2313 1271 2355 impetu
1295 2312 1446 2345 fluminis
1471 2316 1597 2354 cogunt
1620 2300 1758 2356 progre-

217 2369 346 2404 dientes
372 2372 504 2405 versari
529 2375 654 2405 rotam:
681 2375 714 2405 et
737 2372 788 2405 ita
811 2371 970 2405 modiolis
996 2382 1118 2415 aquam
1143 2371 1337 2404 haurientes
1363 2374 1396 2403 et
1419 2371 1458 2403 in
1481 2382 1647 2404 summam
1673 2373 1759 2406 refe·

216 2431 339 2469 rentes,
364 2429 438 2463 sine
462 2440 642 2472 operarum
669 2430 891 2471 calculatur-a,
915 2430 1022 2473 ipsius
1046 2429 1197 2462 fluminis
1220 2429 1372 2472 impulsu
1396 2432 1559 2469 versatae,
1584 2434 1760 2472 praestant

218 2487 305 2531 quod
330 2498 415 2530 opus
441 2492 493 2522 est
517 2489 559 2522 ad
583 2490 716 2522 usum.“
765 2489 889 2522 Isidor.
915 2488 973 2522 lib.
999 2488 1060 2522 ult.
1088 2499 1113 2521 c.
1144 2489 1201 2521 15:
1227 2488 1354 2529 „Dicta
1374 2490 1429 2520 est
1451 2490 1538 2527 rota,
1564 2489 1645 2531 quia
1669 2493 1757 2525 ruat.

216 2544 281 2578 Est
304 2546 395 2579 enim
419 2547 589 2587 machina,
614 2557 681 2590 qua
706 2558 746 2580 ex
770 2546 909 2580 flumine
935 2557 1023 2590 aqua
1048 2546 1274 2580 extrahitur.“
1306 2545 1355 2578 Cf.
1371 2545 1548 2578 Brissonii
1558 2544 1617 2578 lib.
1631 2545 1714 2579 ΒΝ.
1725 2545 1758 2578 S.

334 2602 373 2646 8)
395 2604 486 2638 Diss.
511 2607 540 2647 ξ.
559 2607 589 2637 6.
615 2616 648 2637 n.
668 2606 699 2637 3.
726 2609 827 2648 atque
849 2605 887 2638 in
911 2605 985 2638 fine.
1110 2621 1116 2625 ·

333 2660 371 2704 9)
395 2661 556 2702 Schmidt,
572 2660 818 2706 Jutbrdictenv.
843 2673 873 2705 p.
897 2653 981 2695 144(
996 2672 1026 2705 p.
1045 2664 1099 2694 87.
1148 2660 1271 2694 Εῐυενε
1294 2664 1325 2704 ξ.
1344 2663 1398 2695 30.
1417 2671 1447 2704 p.
1466 2662 1536 2695 269
1561 2672 1610 2704 sq.
1652 2660 1762 2695 Hense

216 2716 239 2749 1.
265 2728 292 2751 o.
317 2729 347 2761 p.
365 2720 447 2761 274,
471 2721 503 2753 3.

312 2774 370 2820 10)
394 2778 433 2811 L.
455 2780 483 2811 1.
507 2778 535 2821 ξ.
553 2779 599 2823 38
624 2790 672 2823 sq.
698 2780 739 2812 D.
757 2781 813 2820 43,
838 2780 892 2812 20.

647 238 649 240 ψ
778 198 863 244 ²¹¹
872 192 1038 251 quihus
1043 193 1155 247 ease
1174 197 1342 252 quidam
1360 189 1552 247 salutm
1566 170 1870 255 potem-3272*

530 246 627 310 ᾱῒᾶῢ
663 264 774 323 (soil.
797 260 888 309 inre
928 263 1063 318 civili,
1099 255 1222 321 quod
1237 280 1293 307 ex
1312 267 1462 312 verbis
1476 252 1757 322 „aquensibus
1837 278 1842 281 »
1873 285 1875 287 .
