1961 3007
427 318 542 344 ‚2
567 291 773 345 Pertinet
795 291 918 357 &nim
937 299 992 340 aad
1017 292 1244 340 doomnm
1271 299 1323 339 de
1352 296 1528 343 utilitate
1556 309 1702 351 aquae

356 420 366 426 ..
413 358 427 379 ³
446 379 505 428 t{ea
518 368 717 426 quaestio,
732 350 927 421 quantum
947 380 1076 421 aquae
1097 368 1244 412 ducere
1255 368 1396 411 liceat.
1412 367 1704 409 Diocletianus

281 482 284 483 γ
301 480 304 483 Α
393 433 565 482 mmm
567 431 856 490 Imperatores
875 437 1172 491 resefipserunt
1187 436 1261 489 ¹³):
1291 437 1410 488 „Non
1429 436 1573 477 modus
1586 448 1703 497 prae

76 559 78 561 .
325 506 423 552 sed·-
450 505 687 547 servitus
717 519 847 560 aquae
875 505 1085 553 ducendae
1112 507 1326 548 terminum
1342 507 1450 547 facit
1453 510 1477 530 ‘⁴
1526 505 1594 547 Ex
1621 518 1701 558 quo

0 582 93 610 ³
135 573 364 638 soqmssur
394 577 458 617 111
468 575 750 616 constituendo
782 577 1037 629 aquaeductu
1072 578 1116 616 ut
1145 576 1186 616 in
1216 576 1401 616 omnibus
1432 574 1713 618 servitutibus,

32 639 58 708 J
111 644 131 678 ':
163 645 496 694 constituentium
525 646 779 686 voluntatem
806 647 990 699 proxime
1019 646 1313 699 respiciendam
1342 659 1443 686 esse.
1650 666 1653 669 ⁴

205 724 211 729 ⁴
275 706 349 778 Sin
386 727 521 768 autem
550 725 622 767 lex
652 727 861 768 servitutis
891 739 974 769 non
1002 727 1166 783 exsistit
1179 726 1253 779 l4³),
1298 728 1368 768 aut
1406 726 1700 767 constituentes

51 833 66 851 Δ.
161 796 224 841 'de‘
241 809 372 850 aquae
403 789 533 849 copia'
548 797 650 836 nihil
680 799 911 837 statuerunt
940 802 1010 837 aut
1038 798 1091 847 id,
1123 798 1230 849 quod
1260 797 1522 837 eonstitutum
1552 797 1626 844 est,
1657 795 1700 834 in

104 889 107 892 ·
142 853 449 909 *dubitationem
487 866 622 914 venit,
662 865 873 906 servitutis
910 867 999 907 Ioco
1038 867 1254 919 praecepta
1288 878 1343 905 ex
1377 867 1525 905 natura
1554 875 1700 917 aquae-

95 942 117 982 ’,
141 924 306 978 ductus
354 934 652 989 proficiscentis.
703 936 742 974 et
791 936 906 988 leges
952 936 1004 975 de
1046 935 1123 975 hac
1166 948 1211 973 re
1255 935 1501 987 compositae
1545 933 1699 974 valent.

158 1000 363 1055 Quoniam
394 1004 446 1043 ad
476 1004 591 1044 fundi
621 1004 853 1044 necessitati
881 1004 1207 1044 subveniendum
1232 1004 1301 1043 vel
1333 1004 1493 1044 omnino
1525 1003 1577 1043 ad
1606 1014 1701 1042 eon-

157 1071 352 1127 ditionem
382 1075 471 1114 eius
502 1074 710 1114 meliorem
740 1074 986 1114 reddendam
1027 1074 1206 1114 servitus
1246 1073 1438 1114 constitui
1483 1073 1606 1122 solet,
1649 1071 1699 1111 de

162 1144 290 1198 aquae
320 1144 529 1183 ducendae
560 1144 676 1198 copia
699 1145 781 1184 hae
810 1144 978 1195 regulae
1007 1144 1177 1197 proponi
1206 1144 1393 1197 possunt:

275 1225 310 1268 Ι.
341 1225 502 1278 ne,=quj
532 1225 679 1287 habeat
708 1225 782 1274 ius,
812 1226 943 1265 minor
971 1225 1010 1265 ei
1030 1225 1146 1279 copia
1166 1225 1419 1274 concedatur,
1450 1236 1571 1277 quam
1595 1235 1701 1277 quae

160 1294 337 1349 inopiam
366 1294 511 1334 tollere
541 1295 609 1334 vel
638 1295 806 1337 fundum
835 1294 1043 1334 meliorem
1074 1294 1244 1334 reddere
1272 1295 1422 1347 possit3

99 1431 102 1433 q
274 1375 331 1415 ΙΙ.
371 1388 424 1414 ne
454 1375 640 1415 dominus
676 1376 789 1415 fundi
820 1376 1034 1416 servientis
1073 1376 1187 1429 plus,
1227 1388 1350 1427 quam
1389 1375 1441 1415 ad
1479 1375 1580 1414 haec
1608 1387 1699 1427 per·

158 1444 332 1486 fieienda
360 1444 414 1485 sit
443 1445 730 1495 necessarium,
761 1446 957 1499 praebere
988 1446 1144 1485 debeat.
1166 1443 1217 1496 15)

273 1524 311 1564 A
332 1526 466 1578 priore
492 1527 637 1578 regula
665 1530 749 1566 tum
783 1527 1004 1566 disceditur
1022 1540 1145 1578 quum
1165 1530 1283 1579 (quae
1303 1539 1386 1566 non
1407 1528 1469 1565 est
1489 1525 1699 1564 servitutis

158 1594 350 1645 conditio)
378 1595 470 1635 fons
499 1596 540 1636 in
561 1596 726 1649 praedio
755 1596 887 1636 alieno
909 1609 996 1637 non.
1010 1598 1166 1637 tantum
1187 1609 1317 1649 aquae
1335 1595 1698 1650 praeberepotest,

94 1710 105 1714 μ
158 1667 307 1717 quanto
353 1666 458 1705 alius
502 1666 652 1705 fundus
697 1669 801 1718 eget.
826 1665 889 1717 16).
972 1666 1117 1705 Altera
1172 1667 1318 1719 regula
1368 1664 1626 1705 confirmatur
1674 1676 1699 1703 a

1241 1727 1263 1753 ο

252 1862 310 1906 13)
333 1862 372 1896 L.
403 1865 453 1896 12.
478 1863 513 1896 c.
535 1864 568 1904 3,
593 1865 647 1895 34.

119 1963 120 1966 Ἴ
183 1943 192 1947 »
253 1920 309 1963 14)
332 1920 502 1958 Quoniam
533 1932 629 1954 secus
654 1932 754 1964 quam
778 1922 994 1964 pactionibus
1018 1922 1074 1955 vel
1096 1922 1376 1965 stipulationibus
1399 1922 1489 1965 (Gai.
1507 1921 1550 1953 H.
1567 1922 1622 1953 29.
1641 1921 1687 1952 30

157 1977 239 2020 Ulp.
258 1980 321 2018 19,
348 1981 400 2011 11.
436 1979 513 2011 vat.
537 1979 639 2022 Frag.
666 1979 735 2022 45.)
772 1980 917 2012 servitus
954 1981 1086 2022 imponi
1116 1984 1228 2022 potest
1263 1980 1395 2012 scilicet
1428 1979 1462 2022 1)
1487 1979 1696 2011 diuturno

155 2046 232 2068 usu
256 2035 310 2080 (L.
325 2038 358 2069 2.
384 2036 419 2069 G.
437 2038 470 2077 3,
496 2037 550 2070 34.
601 2036 751 2070 Schmidt
775 2049 839 2075 von
862 2037 1032 2078 Ilmemzu,
1068 2038 1213 2071 Givilist.
1236 2037 1404 2070 Abhandl.
1437 2048 1469 2079 p.
1496 2037 1696 2076 186—1933

140 2087 393 2134 *Friedld‘ndem
417 2095 480 2128 Die
497 2095 609 2128 Lehre
635 2107 699 2128 von
725 2096 783 2129 der
807 2096 1122 2129 unvordenklichen
1139 2096 1222 2129 Zeit.
1271 2096 1379 2129 Marb.
1401 2097 1499 2128 1843.
1526 2106 1558 2137 p.
1572 2096 1617 2127 63
1635 2104 1695 2137 sq.;

161 2150 412 2193 Unterlwlzner‚
437 2153 500 2185 Die
524 2153 743 2197 Verjahrung
766 2150 834 2200 [ed.
853 2153 1032 2187 Schirmer.
1061 2150 1168 2200 1858]
1193 2154 1219 2186 Ι.
1243 2156 1272 2194 §-
1294 2156 1367 2186 140.
1396 2153 1488 2196 142);
1514 2152 1551 2196 2)
1575 2152 1696 2195 quasi

154 2211 431 2251 possessione
455 2213 695 2245 memoriam
721 2212 959 2245 excedente
984 2212 1037 2256 (L.
1057 2214 1086 2245 3.
1112 2214 1140 2253 ξ.
1160 2214 1189 2244 4.
1216 2212 1255 2245 D.
1275 2214 1330 2253 43,
1356 2214 1409 2245 20.
1443 2210 1695 2250 Unterlzolzner,

154 2266 177 2300 l.
201 2277 227 2300 c.
254 2267 296 2301 H.
321 2279 354 2312 p.
384 2271 460 2310 146,
498 2271 574 2311 155,
607 2271 673 2302 180
705 2280 752 2312 sq.
778 2281 809 2302 11.
830 2269 929 2313 647);
967 2270 1003 2314 3)
1041 2270 1186 2313 legato
1218 2270 1271 2314 (L.
1297 2272 1329 2303 2.
1355 2272 1385 2303 3.
1414 2272 1443 2302 7.
1479 2269 1521 2301 D.
1547 2270 1603 2309 33,
1640 2268 1693 2311 3);

130 2318 132 2321 ⁴
154 2326 291 2359 tandem
315 2326 352 2370 4)
376 2328 707 2361 adiudicatione
732 2328 785 2371 (L.
810 2329 865 2361 22.
891 2330 920 2370 15.
938 2330 968 2361 3.
994 2328 1035 2361 D.
1058 2330 1109 2368 ιο,
1134 2330 1165 2361 2.
1202 2329 1241 2362 L.
1262 2331 1314 2361 18.
1339 2329 1379 2361 D.
1401 2329 1453 2368 ιο,
1478 2327 1524 2369 3).

252 2384 307 2428 15)
338 2384 451 2422 Quum
481 2386 711 2429 aquaeductus
741 2386 881 2428 praedio
912 2387 1039 2419 rustico
1073 2387 1278 2420 constitutus
1311 2390 1376 2427 est,
1418 2386 1521 2419 etiam
1555 2386 1693 2418 domino

151 2441 206 2474 vel
229 2442 352 2477 incolis
377 2444 637 2486 aquamductam
661 2444 704 2476 ad
728 2455 827 2477 usum
846 2445 1024 2486 proprium
1049 2444 1210 2477 adhibere
1234 2444 1330 2482 licet,
1370 2445 1518 2486 primum
1544 2444 1624 2486 quia
1649 2443 1693 2481 ad

153 2508 271 2541 agrum
307 2501 528 2535 excolendum
565 2501 719 2535 homines
756 2502 858 2535 etiam
894 2502 1002 2535 multo
1038 2502 1146 2545 magis
1183 2513 1284 2545 quam
1321 2512 1444 2544 pecora
1480 2512 1568 2544 opus
1603 2504 1694 2534 sunt.

152 2556 282 2592 Deinde
304 2570 383 2592 vero
408 2561 575 2593 sententia
598 2571 728 2603 quoque
751 2560 950 2605 Boeckinyii
972 2561 1017 2604 (ξ.
1041 2563 1114 2594 171.
1140 2573 1173 2593 11.
1191 2561 1249 2604 31)
1266 2572 1345 2594 vera
1369 2564 1435 2594 est:
1460 2561 1548 2602 „Die
1562 2561 1693 2593 Grfinze

152 2616 319 2649 zwisehen
344 2618 409 2651 den
434 2618 679 2652 Bediirfnissen
704 2619 761 2651 des
776 2619 1009 2654 Grundstiicks
1027 2619 1098 2651 und
1122 2619 1230 2652 denen
1246 2619 1305 2652 der
1320 2619 1428 2652 Lente
1453 2618 1578 2652 darauf
1597 2618 1640 2662 (z.
1653 2619 1693 2651 B.

152 2684 230 2706 zum
257 2675 446 2717 Waschen,
483 2678 626 2710 Koohen
655 2689 687 2710 u.
713 2677 833 2720 dergl.)
856 2680 945 2710 wall-e
974 2677 1151 2720 praktisch
1179 2678 1275 2710 nicht
1297 2676 1518 2710 bestimmbar
1539 2677 1611 2710 und
1636 2677 1695 2710 der

151 2730 316 2773 Versum,
341 2735 390 2768 sie
414 2736 533 2768 scharf
554 2736 838 2776 durchzufahren,
863 2735 984 2772 Quelle
1009 2746 1074 2768 von
1098 2735 1273 2769 Ghicanen
1297 2735 1367 2767 und
1390 2735 1636 2769 Ziinkereien.“

246 2790 303 2834 16)
327 2792 366 2825 L.
384 2795 415 2826 9.
439 2794 481 2826 Ι).
498 2796 531 2834 8,
556 2795 586 2827 6.
634 2794 805 2839 Boeckiny
829 2793 857 2836 ξ.
878 2796 953 2827 161.
979 2805 1010 2826 n.
1028 2796 1083 2827 21.

557 209 1024 281 .ssi·m.sssdre.fllnem'·mn
1025 212 1246 283 perducta
1276 241 1385 270 nanc
1403 225 1466 270 ad
1472 227 1599 270 ‘aliam
1615 208 1720 274 καί
1742 251 1745 252 ⁷
1798 205 1801 209 ,
1821 230 1829 243 ‘
1892 217 1898 224 ⁸
1924 201 1937 209 .
