1961 3007
227 359 377 452 incilia,
408 378 478 442 vel
506 400 709 455 principia
736 400 956 450 fossarum,
981 355 1143 454 quibus
1182 379 1330 455 aquae
1343 415 1398 445 ex
1425 395 1594 447 flumme

225 472 318 513 lacu
354 471 397 512 in
436 471 610 527 primum
646 471 781 512 rivum
822 484 1072 519 communem
1101 471 1201 525 pelli
1232 471 1377 520 solent,
1435 465 1575 524 Plane]
1602 472 1663 527 si

225 542 448 586 sudoribus
473 542 674 583 manando
705 542 748 581 in
778 542 956 594 aliquem
984 542 1158 595 primum
1188 542 1324 585 locum
1358 541 1553 595 effluere,
1557 536 1714 599 atqua

225 624 421 666 apparere
451 611 605 665 incipit,
636 610 726 652 eius
755 611 832 651 hoc
862 613 982 665 caput
1011 611 1209 661 dicemus,
1253 612 1324 653 ubi
1356 612 1530 666 primum
1562 605 1753 672 emergi&

341 680 423 721 Sed
464 694 546 722 non
583 681 759 722 omnium
802 693 997 733 aquarum
1039 681 1248 731 vivarum,
1292 692 1536 735 quamquam
1567 686 1784 740 peram

224 756 332 803 sunt,
363 751 661 805 aquaeductum
692 750 882 791 constitui
912 764 1032 805 posse
1064 750 1265 806 Ulpianus
1295 753 1386 806 ipse
1416 752 1545 794 docet.
1596 750 1778 808 „Qum-

223 833 346 877 quam
374 825 521 871 autem,
552 821 695 873 inquit,
727 822 778 861 ad
807 834 1009 875 perennes
1030 833 1157 874 aquas
1174 822 1398 862 dixerimus
1418 823 1496 863 hoc
1514 820 1845 877 ιιιῦβιάὶώιιῃᾪῑ

223 892 439 947 pertinere,
486 892 538 931 ad
583 903 654 931 eas
682 893 819 931 tamen
848 904 1049 945 perennes
1078 892 1263 945 pertinet,
1307 905 1412 945 quae
1458 892 1550 933 duci
1588 894 1783 962 possunt·

210 962 410 1004 *Ceterum
441 963 538 1002 sunt
567 961 777 1014 quaedam,
808 974 913 1014 quae
944 961 1020 1002 etsi
1050 975 1250 1015 perennes
1282 965 1388 1012 sunt,
1419 962 1513 1005 duci
1532 964 1669 1009 tamen
1687 958 1798 1018 1193&
1815 958 1838 979 ⁵

221 1034 403 1086 possunt,
435 1034 579 1085 utputa
608 1032 805 1084 puteales,
836 1033 877 1070 et
907 1045 1011 1083 quae
1040 1032 1098 1072 ita
1128 1034 1222 1074 sunt
1250 1033 1505 1083 submersa&
1524 1034 1571 1073 ut
1590 1032 1774 1087 defluere
1794 1047 1827 1059 -·

222 1104 341 1143 extra
378 1103 527 1142 terram
564 1103 604 1141 et
640 1101 731 1142 usui
771 1114 863 1143 esse
899 1114 982 1142 non
1018 1101 1176 1156 possint
1184 1118 1193 1151 ;
1253 1102 1325 1143 sed
1370 1102 1603 1145 huiusmodi
1626 1103 1787 1161 aquis,
1808 1125 1817 1142 ι

222 1187 327 1226 quae
359 1173 450 1212 duci
480 1186 562 1211 non
591 1172 767 1225 possint,
814 1173 982 1211 haustus
1026 1174 1203 1212 servitus
1241 1174 1394 1224 imponi
1433 1175 1609 1225 potest.“
1667 1165 1961 1219 Itihfs

222 1255 313 1295 que
352 1254 450 1281 non
496 1240 600 1280 nisi
645 1240 806 1281 fontis
853 1241 935 1280 vel
981 1240 1270 1293 fluminis2)
1314 1242 1400 1282 vel
1433 1241 1591 1282 etiam
1620 1228 1878 1296 nonest-,3⁷
1937 1226 1944 1234 ὃ

221 1324 386 1364 aquae
419 1310 684 1351 ducendae
712 1310 944 1350 servitus
975 1311 1229 1350 constitui
1264 1312 1451 1365 potest.

339 1380 507 1422 Constat
536 1380 665 1432 igitur
692 1382 910 1433 praecepta
940 1379 990 1418 de
1022 1380 1141 1420 huius
1174 1381 1384 1421 servitutis
1421 1393 1545 1421 causa
1572 1359 1769 1436 perpetua

219 1464 311 1492 esse
341 1450 612 1499 restrictiora,
659 1462 778 1502 quam
825 1450 875 1488 de
915 1449 989 1489 illa
1033 1450 1200 1490 haustus
1243 1451 1312 1491 vel
1350 1451 1509 1505 pecoris
1551 1452 1766 1506 appulsus3
1827 1462 1829 1464 ·

218 1535 352 1575 neque
383 1521 593 1561 immerito.
654 1518 759 1559 Nam
789 1533 914 1572 quum
944 1520 992 1569 is,
1023 1520 1093 1572 qui
1124 1521 1244 1569 ducit,
1276 1520 1470 1574 ampliore
1501 1533 1632 1574 aquae
1651 1522 1768 1575 copia
1817 1538 1820 1542 ·
1879 1524 1882 1527 ’

336 1682 373 1726 2)
398 1683 539 1716 Privato
564 1682 707 1722 flamini,
733 1692 937 1724 quamquam
963 1691 1084 1724 aquam
1110 1682 1223 1714 vivam
1247 1681 1360 1722 habet,
1384 1681 1616 1726 aquaeductus
1632 1683 1766 1726 imponi

217 1752 287 1775 non
323 1741 467 1774 videtur.
523 1739 698 1782 Ulpianus
735 1739 827 1772 enim
866 1739 1025 1781 requirit,
1063 1742 1102 1772 ut
1133 1739 1363 1781 aquaeductus
1394 1750 1463 1772 ιιοιι
1490 1728 1562 1773 ‘nisi
1586 1741 1766 1782 perenni
1792 1772 1798 1776 ,
1831 1728 1842 1771 ’.
1879 1746 1882 1751 “
1912 1778 1916 1782 ,

216 1810 324 1843 aquae
359 1800 575 1841 imponatur,
612 1798 751 1831 omnia
784 1801 896 1830 autem
929 1797 1088 1838 flumina,
1127 1808 1213 1840 quae
1245 1798 1394 1831 habeant
1423 1808 1545 1841 aquam
1580 1791 1764 1841 perennem
1789 1791 1795 1795 ¹
1850 1787 1852 1789 ‚

217 1858 405 1900 publica
430 1868 503 1890 esse
529 1856 684 1895 Cassius,
721 1855 853 1888 Celsius
885 1858 917 1887 et
942 1855 1115 1897 Ulpianus
1147 1855 1295 1897 probant
1330 1856 1367 1899 (l.
1389 1858 1416 1888 1.
1442 1858 1470 1898 ξ.
1489 1858 1520 1888 3.
1546 1855 1586 1888 D.
1611 1857 1668 1896 43,
1696 1848 1764 1900 12).

215 1916 352 1953 Privati
376 1916 484 1960 igitur
508 1915 660 1950 fluminis
692 1913 792 1947 nulla
816 1911 910 1957 'aqua
942 1914 1102 1956 perennis
1134 1918 1185 1947 est
1208 1925 1317 1957 neque
1342 1914 1571 1957 aquaeductus
1595 1915 1628 1948 ei
1651 1918 1765 1957 potest
1807 1917 1816 1953 ζ
1866 1942 1868 1944 v
1950 1919 1960 1960 ⁴,

214 1975 357 2017 imponi.
396 1992 440 1997 —
478 1972 625 2005 Hessius
656 1972 889 2014 (Jahrbiicher
924 1971 998 2005 VH.
1036 1982 1093 2013 pp.
1121 1974 1195 2004 191.
1228 1973 1306 2005 201.
1338 1971 1400 2014 sq.)
1433 1975 1587 2005 auctores
1619 1972 1763 2007 maxime
1877 1961 1913 1989 ‘L

217 2033 326 2067 citans
351 2031 544 2076 Ulpianum
568 2030 605 2075 (1.
627 2033 655 2063 1.
681 2031 710 2074 ξ.
729 2030 760 2062 2.
787 2030 817 2062 3.
845 2029 885 2062 D.
903 2029 960 2071 43,
989 2028 1046 2074 12)
1072 2032 1105 2063 et
1130 2029 1289 2065 Ovidium
1312 2029 1462 2075 (Remed.
1481 2031 1565 2065 651:
1582 2060 1587 2063 .
1602 2029 1764 2078 „flumine

215 2095 381 2135 perpetuo
418 2096 551 2124 torrens
591 2090 678 2122 solet
710 2090 824 2121 acrius
860 2089 927 2128 ire,
964 2089 1022 2121 sed
1053 2093 1166 2121 tamen
1199 2091 1282 2122 haec
1305 2090 1417 2122 brevis
1442 2092 1493 2122 est
1517 2089 1581 2122 illa
1604 2090 1764 2132 perennis
1959 2132 1961 2138 Ι

215 2148 350 2193 aqua.“)
375 2159 436 2191 per
462 2148 633 2191 privatum
659 2147 785 2180 flumen
809 2146 1043 2179 tantummodo
1068 2150 1252 2180 torrentem
1275 2146 1450 2190 intellegit
1472 2157 1536 2181 nec
1553 2157 1621 2182 non
1641 2157 1763 2191 aquam
1819 2167 1828 2192 ;

215 2221 235 2243 a
260 2208 358 2242 nobis
383 2206 527 2248 „Bacffl‘
553 2194 765 2250 appellatam
791 2206 834 2239 ad
859 2205 1035 2248 publicum
1060 2206 1185 2239 fiumen
1211 2206 1383 2248 pertinere
1405 2206 1535 2248 probat.
1560 2225 1607 2233 —
1642 2204 1763 2240 Εἶναι·-
1864 2197 1867 2200 ’
1932 2199 1935 2202 ’

214 2269 287 2300 εἰπε
305 2267 349 2310 (ξ.
365 2265 426 2309 43)
444 2266 579 2308 privato
605 2274 736 2307 quoque
761 2264 894 2297 flumini
919 2264 1148 2306 aquaeductus
1174 2264 1371 2298 servitutem
1396 2264 1528 2308 imponi
1546 2274 1646 2307 posse
1670 2264 1762 2298 arbi·

213 2329 334 2364 tratus,
360 2324 497 2357 domino
524 2323 668 2366 praedii,
693 2323 730 2355 in
757 2333 821 2364 quo
848 2322 893 2354 sit
916 2321 1041 2354 flumen
1066 2322 1249 2365 privatum,
1275 2333 1399 2366 aquam
1422 2322 1535 2366 ipsam
1560 2333 1633 2357 esse
1649 2327 1763 2368 negat,

213 2384 294 2427 quia
319 2394 408 2427 aqua
433 2382 607 2426 profluens
633 2383 678 2415 sit
701 2381 843 2424 ideoque
868 2381 906 2413 in
923 2381 1022 2414 rebus
1041 2381 1276 2415 communibus
1293 2382 1512 2424 numeranda,
1539 2393 1625 2426 quae
1643 2383 1764 2425 cuique

213 2442 440 2485 acquiruntur
478 2441 516 2485 (l.
534 2442 565 2473 2.
598 2451 649 2483 pr.
676 2440 716 2472 D.
738 2441 767 2479 1,
793 2438 839 2481 8).
902 2438 969 2471 Sed
1007 2438 1168 2481 neglegit,
1209 2439 1459 2482 aquaeductum
1496 2450 1564 2473 non
1602 2451 1675 2475 esse
1707 2440 1764 2476 ius

213 2511 391 2535 commune
415 2499 473 2533 sed
498 2499 675 2542 proprium
702 2495 827 2541 (Hesse
853 2496 874 2529 l.
893 2507 919 2529 c.
944 2499 973 2538 ξ.
995 2496 1062 2540 15),
1087 2498 1176 2540 quod
1202 2498 1305 2531 etiam
1330 2499 1366 2530 in
1391 2498 1587 2531 fluminibus
1612 2497 1766 2543 publicis¹
1802 2534 1810 2537 ,
1827 2521 1842 2541 Δ-

212 2569 281 2593 ιιοιι
306 2558 449 2592 cuilibet
473 2568 512 2591 eo
538 2558 614 2599 ipso
640 2556 819 2599 competit,
850 2555 908 2588 sed
940 2556 1158 2599 imperatoris
1191 2559 1327 2590 tantum
1352 2556 1407 2589 vel
1431 2559 1568 2591 senatus
1593 2556 1763 2599 permissu

212 2618 317 2662 (Diss.
343 2619 372 2660 ξ.
390 2620 421 2650 4.
448 2628 480 2649 ιι.
501 2615 567 2660 13).
617 2614 717 2653 Quod
754 2618 865 2648 autem
895 2614 1083 2656 imperator
1112 2614 1151 2647 in
1184 2614 1284 2649 rebus
1309 2614 1459 2658 publicis
1483 2615 1518 2648 id
1544 2614 1702 2659 dominus
1724 2613 1763 2649 in
1829 2653 1832 2656 ,
1871 2612 1888 2623 ”

211 2675 311 2710 rebus
337 2676 484 2719 privatis
509 2679 567 2709 est.
616 2674 735 2717 Itaque
760 2673 791 2707 si
815 2673 951 2706 flumini
976 2673 1110 2715 privato
1128 2657 1359 2716 aquaeductus
1376 2674 1509 2716 imponi
1526 2677 1649 2717 potest,
1673 2677 1763 2712 certe
1792 2709 1795 2711 ,
1847 2713 1850 2717 ¹
1902 2690 1910 2701 ·

212 2735 341 2769 domini
368 2738 428 2775 est,
453 2744 576 2776 aquam
601 2733 714 2775 ipsam
739 2742 847 2774 neque
871 2732 936 2764 iter
962 2731 1071 2764 solum
1098 2731 1288 2764 concedere.
1338 2731 1441 2765 Nihil
1475 2732 1566 2765 em'm
1597 2731 1711 2770 differt
1741 2742 1763 2765 a
1874 2739 1880 2747 ¹

211 2793 330 2826 ceteris
355 2792 439 2825 locis
465 2791 611 2834 privatis
637 2791 763 2823 flumen
788 2791 961 2832 privatum
986 2789 1023 2833 (1.
1044 2792 1071 2821 1.
1093 2791 1121 2831 ξ.
1140 2792 1171 2822 4.
1200 2790 1237 2822 D.
1256 2790 1314 2830 43,
1342 2789 1408 2832 12).
